1928 3186
803 536 852 598 G
890 538 951 597 A
987 536 1056 597 P.
1135 538 1223 598 II.

404 737 408 740 ,
448 684 538 734 De
578 686 640 735 A.
676 686 907 736 Sabino
959 689 1210 754 eiusque
1251 648 1569 754 Epistoli's.

258 966 359 1040 Illo
407 1002 634 1057 tempore,
683 1011 775 1057 quo
812 998 996 1045 Ovidius
1024 996 1247 1060 Epistolas
1283 1012 1386 1044 suas
1436 1000 1754 1063 componebat,

260 1065 448 1109 Sabinus
471 1066 654 1124 quidam
677 1067 859 1111 eandem
887 1069 1123 1113 materiam
1161 1061 1224 1111 it‘a
1248 1064 1477 1123 tractarit,
1506 1078 1561 1133 ut
1582 1068 1754 1115 foemi-

257 1134 354 1188 nis,
395 1149 504 1193 quas
539 1134 615 1178 ille
641 1136 880 1182 scribentes
917 1136 1180 1191 induxerat,
1206 1137 1438 1182 virorum
1448 1130 1638 1187 nomine
1674 1154 1751 1184 re-

256 1204 512 1264 sponderet.
569 1204 719 1262 Pergit
747 1206 868 1249 enim
897 1205 1027 1250 ovid.
1054 1205 1214 1251 Amor.
1242 1205 1300 1258 Π,
1328 1210 1400 1258 18,
1427 1210 1509 1255 27:

376 1274 532 1330 Quam
560 1274 678 1319 celer
704 1291 729 1320 e
755 1282 849 1319 toto
876 1273 1015 1319 rediit
1043 1290 1169 1319 meus
1197 1274 1305 1319 orbe
1332 1273 1548 1330 Sabinus,

427 1344 698 1402 Scriptaque
726 1342 923 1387 diversis
950 1344 1109 1387 retulit
1134 1343 1212 1387 ille
1239 1344 1364 1387 locis.
1443 1376 1460 1391 2,

373 1411 596 1458 Candida
624 1411 854 1472 Penelope
880 1411 1067 1471 signum
1094 1412 1311 1472 cognovit
1347 1410 1520 1467 Ulixis;

423 1483 568 1541 Legit
596 1480 655 1526 ab
681 1481 748 1526 H
738 1481 936 1541 ppoh‘to
960 1483 1136 1542 scripta
1162 1498 1368 1527 noverca
1396 1498 1504 1535 suo,-

364 1549 477 1596 Iam
500 1551 608 1611 pius
634 1550 819 1595 Aeneas
846 1551 1056 1606 miserae*
1071 1552 1309 1610 rescrzpsit
1333 1550 1536 1606 Ele-sae,

373 1610 384 1636 ·„
429 1620 646 1680 Quodque
674 1620 802 1679 legat
826 1619 1029 1680 Phyllis,
1058 1622 1101 1665 si
1126 1621 1264 1665 modo
1290 1622 1435 1674 vivit,
1464 1618 1631 1674 haben
1673 1652 1682 1659 ι

367 1688 537 1733 Discis-
566 1688 633 1732 ad
658 1680 960 1747 Hypsipylen'
973 1689 1031 1733 ab
1061 1689 1232 1734 Iasone
1256 1688 1417 1735 littera
1443 1688 1571 1734 venit
1576 1703 1595 1743 ‚⁸

423 1756 516 1803 Det
542 1765 706 1801 votam
731 1757 915 1802 Phoebo
940 1757 1104 1803 Lesbis
1133 1767 1299 1803 amata
1328 1758 1496 1817 hrram·
1613 1774 1621 1782 ·

246 1826 350 1873 Fuit
382 1827 520 1886 igitur
538 1821 727 1870 Sabinus
757 1826 953 1870 eiusdem
980 1826 1099 1870 illius
1127 1827 1347 1887 temporis
1376 1834 1534 1887 poeta,
1563 1826 1619 1872 de
1643 1842 1739 1888 quo

245 1905 398 1941 tamen
426 1904 603 1957 praeter
632 1896 843 1941 Ovidium
869 1912 1008 1941 nemo
1036 1904 1241 1944 veterum
1270 1896 1523 1956 quidquam
1552 1891 1738 1943 memo-

244 1967 337 2010 riae
364 1965 587 2026 prodidit;
620 1980 758 2023 quare
786 1966 1053 2025 paucissima
1080 1973 1259 2009 tantum
1295 1964 1349 2009 de
1376 1965 1469 2009 vita
1496 1965 1591 2011 eius
1620 1982 1736 2012 con-

243 2042 376 2078 stant.
433 2034 488 2077 In
519 2035 782 2078 editionibus
806 2035 1120 2092 antiquissimis
1151 2035 1210 2089 [V
1211 2042 1322 2078 enet.
1352 2038 1481 2079 1486.
1511 2041 1556 2077 et
1584 2037 1733 2092 1492]

244 2111 346 2148 ante
373 2112 463 2147 tres
493 2118 606 2161 quae
633 2118 754 2147 nunc
779 2111 956 2147 exstant
979 2102 1185 2162 epistolas
1213 2102 1332 2146 illius
1358 2101 1468 2146 haec
1494 2101 1732 2161 legunturx

242 2172 323 2216 ‘A.
348 2171 559 2226 Sabinus,
602 2186 734 2233 eques
762 2172 993 2216 Romanus
1023 2170 1335 2215 celeberrimus
1371 2166 1603 2230 iratesque,
1632 2163 1733 2228 Naf-

241 2242 375 2288 sonis.
391 2240 676 2302 temporibus
705 2240 874 2287 floruit.
932 2240 1025 2302 Qui
1052 2240 1131 2286 has
1162 2257 1318 2286 omnes
1346 2241 1657 2300 responsorias
1687 2251 1733 2288 et

241 2311 345 2354 alias
375 2311 532 2362 edidit,
573 2325 686 2368 quae
713 2325 810 2353 non
836 2311 1160 2370 reperiuntur?
1219 2310 1294 2354 Ex
1319 2309 1602 2354 codicibusne
1619 2326 1732 2356 mss.

236 2379 380 2440 primi
409 2379 596 2422 editores
624 2378 730 2424 haec
758 2380 1013 2436 sumserint,
1044 2395 1101 2424 an
1128 2380 1215 2440 ipsi
1241 2378 1472 2435 finxerint,
1503 2380 1730 2424 incertum

238 2456 318 2493 est.
377 2448 642 2492 Tenendum
672 2457 848 2504 tamen,
886 2466 1166 2510 praenomen
1190 2450 1304 2495 Auli
1340 2456 1384 2493 et
1412 2449 1606 2510 equitem
1631 2447 1730 2493 Ro-

237 2533 429 2561 manum
437 2549 449 2570 ‚
481 2533 617 2577 quem
648 2534 738 2564 esse
766 2519 1034 2575 voluerunt,
1075 2519 1205 2565 nullo
1234 2526 1441 2566 veterum
1469 2519 1727 2563 testimonio

235 2587 537 2645 comprobari.
600 2589 805 2633 Dubium
845 2599 910 2634 est
946 2591 1102 2644 etiam,
1141 2606 1258 2634 num
1296 2590 1380 2633 sub
1419 2588 1505 2632 alio
1546 2588 1725 2640 Sabino,

235 2656 315 2716 qui
342 2656 423 2699 illo
455 2672 560 2702 aevo
589 2666 1029 2715 commemorantur,
1057 2668 1194 2719 poeta
1211 2667 1364 2703 noster
1390 2657 1538 2702 lateat.
1596 2656 1724 2699 Cice-

233 2741 288 2769 ro
319 2726 460 2784 Epist.
490 2727 547 2770 ad
575 2727 706 2772 Attio.
732 2728 856 2781 ΧΠῙ,
885 2733 955 2774 14.
983 2743 1100 2773 anno
1138 2744 1186 2773 u.
1208 2744 1242 2771 c.
1269 2732 1368 2772 7⁰8.
1425 2725 1543 2768 Albii
1570 2723 1720 2768 Sabini

233 2795 509 2840 mentionem
537 2794 667 2850 fecit,
701 2797 780 2858 qui
800 2805 952 2842 tamen
978 2805 1186 2858 tempore
1216 2813 1242 2841 a
1268 2804 1426 2840 nostro
1457 2793 1618 2834 (ist-*ire
1646 2806 1717 2835 vi·-

1342 2864 1380 2907 b
1409 2867 1437 2907 2
