1928 3186
233 713 531 790 Carminum
559 746 886 791 Ovidianorum
916 747 1097 790 nullum
1123 748 1321 806 iniquius
1353 755 1595 792 tractatum
1624 763 1730 807 gra-

229 817 418 873 viusque
439 825 651 859 vexatum
675 824 760 868 est,
791 830 930 872 quam
947 814 1196 874 Epistolae,
1227 831 1339 874 quas
1359 817 1574 860 Heroidas
1592 817 1729 875 vulgo

232 885 479 943 appellant.
544 885 611 927 Ab
652 901 702 927 00
744 893 953 942 tempore
992 885 1134 939 0111111,
1177 901 1269 943 (1110
1310 885 1456 928 Ovidii
1493 902 1630 944 opera
1661 887 1730 929 edi

230 961 389 1012 coepta
432 960 559 1005 sunt,
600 952 673 995 his
710 952 922 1012 Epistolis
960 952 1102 1000 varias
1143 952 1429 997 difficultates
1469 962 1728 1001 moverunt,

231 1023 441 1075 Quarum
470 1022 615 1064 nescio
647 1038 703 1064 an
731 1021 856 1065 nulla
884 1022 1062 1078 gravior
1091 1022 1148 1064 sit
1178 1030 1221 1065 et
1250 1021 1356 1080 plus
1385 1024 1608 1066 momenti
1644 1023 1730 1067 ha-

229 1091 354 1145 beat,
387 1106 524 1148 quam
547 1105 659 1147 quae
680 1091 732 1133 de
751 1090 1059 1149 plurimarum
1087 1090 1271 1136 illarum
1294 1089 1526 1134 authentia
1553 1097 1597 1133 et
1621 1105 1728 1134 vero

230 1169 413 1203 auctore
442 1161 706 1217 interpretes
728 1160 939 1202 exercuit.
997 1159 1178 1201 Eteniin
1203 1159 1269 1202 illi
1287 1174 1434 1202 unum
1465 1167 1508 1202 et
1535 1158 1731 1202 alterum

228 1243 411 1272 versum
443 1228 656 1269 damnare
684 1243 779 1269 non
808 1229 909 1269 satis
940 1226 1220 1281 habuerunt,
1251 1228 1326 1271 sed
1356 1235 1531 1286 septem
1563 1229 1731 1276 carmi-

227 1313 286 1341 na
318 1298 488 1354 integra
525 1297 686 1341 Ovidio
726 1297 1049 1340 abiudicarunt.
1118 1297 1268 1355 Atque
1304 1297 1509 1354 primum
1535 1296 1730 1353 quidem

228 1365 401 1408 saeculo
435 1365 607 1409 decimo
642 1366 801 1424 quinto
842 1373 1049 1409 extremo
1088 1372 1132 1409 et
1167 1366 1339 1410 decimo
1377 1372 1524 1408 sexto·
1547 1364 1731 1411 ineunte

227 1435 541 1494 Epistolarum
570 1451 648 1479 sex
680 1436 990 1495 posteriorum
1028 1444 1105 1479 aut
1144 1452 1301 1479 omnes
1341 1442 1417 1478 aut
1456 1443 1546 1477 tres
1585 1434 1731 1478 Ovidii

229 1520 320 1547 0550
347 1512 590 1562 11050111111,
623 1520 781 1563 easque
811 1505 975 1549 Sabino
1006 1513 1165 1566 poetae
1202 1505 1474 1549 tribuerunt.
1543 1502 1731 1547 Utrius-

228 1589 317 1643 que
356 1569 595 1618 sententiae
623 1574 821 1618 fautores
851 1575 962 1634 plui
965 1591 1008 1619 es
1037 1576 1140 1618 inde
1169 1591 1194 1618 a
1222 1574 1396 1619 saeculo
1421 1572 1594 1615 decimo
1623 1586 1732 1631 sep-.-

225 1637 340 1686 timo
375 1636 665 1698 exstiterunt,
706 1646 784 1704 qui
814 1647 949 1689 etiam
990 1644 1315 1688 dubitationem
1349 1643 1510 1700 magis
1530 1656 1731 1700 promo-

225 1719 403 1755 verunt.
474 1713 592 1755 Cum
634 1714 753 1757 enim
780 1715 876 1758 illas
914 1714 1137 1773 Epistolas
1180 1713 1343 1756 Sabino
1382 1711 1662 1765 tribuissent,
1706 1725 1730 1754 e

227 1779 453 1822 contrario
473 1780 721 1836 Epistolas‚
753 1793 865 1836 quae
894 1779 978 1820 sub
1006 1782 1143 1821 huius
1176 1780 1362 1822 nomine
1390 1778 1438 1820 in
1460 1779 1730 1830 editionibus

225 1848 462 1906 leguntur,
492 1847 740 1890 reiecerunt
770 1855 813 1890 01
841 1848 1069 1905 Augusteo
1101 1864 1208 1892 aevo
1242 1849 1442 1906 indignas
1475 1864 1566 1892 esse
1596 1848 1728 1891 dixe-

225 1925 349 1961 runt.
406 1915 495 1958 Alii
532 1914 721 1973 denique
750 1931 831 1959 sex
861 1917 1008 1961 Ovidii
1041 1916 1313 1960 carminibus
1342 1918 1390 1959 in
1420 1916 1612 1963 dubium
1640 1932 1728 1961 vo-

227 1987 332 2027 catis
364 1984 629 2026 addiderunt
657 1975 914 2043 septimum,
942 1992 985 2027 01
999 1984 1250 2044 Epistolam
1280 1984 1491 2043 Sapphus
1522 1986 1729 2044 spuriam

226 2051 501 2096 habuerunt.
561 2053 720 2097 Mirari
750 2063 901 2097 autem
929 2054 1057 2107 lieet,
1090 2054 1213 2111 quod
1244 2053 1397 2096 nullus
1426 2053 1615 2097 illorum
1645 2054 1729 2098 ad-

226 2122 551 2166 versariorum·
575 2139 674 2172 rem
721 2124 853 2168 latius
897 2123 1234 2182 accuratiusque
1271 2124 1475 2170 tractavit
1512 2131 1556 2167 et
1590 2139 1728 2183 argu-

226 2193 392 2235 mentis
424 2193 758 2251 eomprobavit3
801 2194 876 2237 sed
915 2209 1072 2237 omnes
1108 2193 1372 2236 sententiam
1411 2208 1540 2235 suam
1581 2193 1729 2236 obiter

227 2267 408 2303 tantum
447 2271 808 2320 proposuerunt,
839 2271 915 2307 aut
956 2263 1152 2307 aliorum
1193 2261 1447 2305 auctoritati
1487 2269 1728 2307 cesserunt.

227 2329 532 2372 Nihilominus
563 2330 669 2374 hacc
705 2333 857 2391 opinio
892 2333 956 2375 ita
993 2332 1204 2386 invaluit,
1233 2338 1286 2373 ut
1315 2330 1504 2389 plurimi
1535 2346 1634 2373 eam
1662 2332 1729 2373 in-

228 2398 476 2441 dubitatam
502 2400 666 2458 diuque
697 2403 1043 2461 comprobatam
1073 2417 1164 2445 esse
1200 2407 1430 2460 putarent.
1488 2399 1728 2444 Werferus

228 2467 409 2523 quidem
441 2470 607 2511 nostris
637 2473 918 2530 temporibus
950 2488 1047 2515 eam
1076 2471 1381 2531 impugnavit,
1412 2470 1490 2513 sed
1529 2484 1729 2513 caussam

228 2535 290 2577 sic
332 2536 446 2592 egit,
497 2546 549 2581 ut
585 2555 679 2584 non
724 2550 869 2585 totam
907 2559 1007 2586 rem
1046 2541 1421 2600 complecteretur
1462 2539 1537 2583 sed
1583 2539 1728 2583 Ovidii
1775 2567 1778 2570 <

227 2606 480 2665 Epistolam
512 2609 733 2654 decimam
764 2613 969 2671 quintam
1011 2621 1055 2656 et
1083 2611 1233 2654 Sabini
1264 2625 1418 2653 omnes
1448 2609 1728 2668 praetermit-

227 2686 363 2732 teret,
409 2680 768 2724 adversariorum
806 2683 1039 2725 sententias
1080 2695 1176 2723 non
1217 2687 1417 2723 accurate
1448 2678 1727 2722 examinaret

229 2749 305 2791 sed
335 2748 479 2793 obiter
503 2756 684 2793 tantum
713 2751 936 2804 101100101,
975 2750 1070 2810 ipse
1101 2749 1291 2806 denique
1321 2748 1583 2791 sententiam
1611 2760 1727 2805 pro-

228 2825 441 2879 poneret,
472 2833 585 2876 quae
612 2834 707 2863 non
740 2820 843 2864 satis
874 2819 1165 2878 comprobata
1191 2817 1345 2862 multis
1376 2814 1725 2859 dubitationibus

1408 2885 1445 2928 A
