1928 3186
775 82 1179 154 ——484—

294 224 595 297 Herculeaml
612 226 812 289 Sparten
846 228 1211 291 Nestoi-eamque
1244 232 1407 294 Pylon.

220 306 410 371 Ingrata
445 316 513 356 est
545 299 716 374 pietas,
752 312 827 361 e'ui
859 318 985 358 tanta
1016 313 1224 375 pericula
1258 316 1465 372 subsunt3

290 392 414 438 Nam
446 394 570 439 male
604 390 869 441 co'mmissus
902 395 1115 441 fluctibus
1146 397 1246 457 ipse
1280 397 1382 447 fuit.
1618 400 1726 449 120

219 473 317 520 Sed
350 473 488 521 labor
521 475 571 522 in
602 476 696 524 fine
731 484 818 537 est:
852 491 1095 525 occursum
1127 478 1175 524 in
1205 478 1361 525 littore
1394 485 1521 529 vates

287 556 429 604 Dixit.
462 586 535 596 --
568 560 624 606 In
658 560 919 623 amplexus,
954 577 1076 621 core,
1108 561 1260 608 ferere
1293 568 1410 611 tuos.

217 712 352 747 iussum
376 714 440 748 vel
460 714 603 765 missum
622 713 768 761 opinor.
790 725 814 751 a
844 691 966 751 matre
996 688 1183 751 videlicet.
1211 717 1256 752 ut
1277 714 1326 751 ad
1345 714 1415 753 illa
1434 716 1609 764 respiciat
1627 717 1719 765 Epi-
1767 719 1783 731 '¹

217 771 339 809 stolae
361 770 590 827 Penelopes:

453 842 747 888 Omnta'namque
767 846 828 878 tuo
850 842 968 878 senior
991 846 1027 878 te
1047 853 1215 890 quaerere
1234 843 1341 879 ma'sso

507 900 690 938 Retulemt
710 906 794 936 nato
821 900 975 937 Nestor?

218 967 277 1003 Eo
300 968 482 1006 abductus
502 968 566 1004 Fr.
589 969 850 1017 Heusingerus
879 971 1009 1015 infesto
1043 983 1146 1007 eursu
1173 983 1302 1018 queror
1322 970 1543 1008 emendavit.
1602 972 1714 1008 Conr.

216 1026 445 1074 Heusinger.
472 1027 618 1072 infestos
639 1040 757 1064 cursus
781 1028 906 1065 edidit.
947 1029 1104 1065 Summa
1127 1034 1253 1067 autem
1273 1029 1347 1066 fuit
1367 1029 1495 1066 Amori
1518 1020 1717 1078 negligen-

217 1086 295 1128 tia,
326 1085 391 1130 qui
408 1082 615 1120 Burmanni
636 1087 818 1122 sententia
838 1087 1000 1133 repetita
1019 1089 1119 1123 male
1140 1087 1264 1124 omisit
1281 1088 1461 1134 Lennepii
1478 1088 1605 1124 verba.
1635 1089 1716 1124 Re-

218 1142 379 1178 ctissime
414 1142 513 1177 enim
535 1143 623 1178 ille:
664 1145 828 1190 ‘Iunge‚
857 1157 933 1180 non
952 1158 1074 1181 rursus
1102 1146 1180 1189 ire,
1209 1146 1310 1191 quod
1341 1146 1558 1181 Bul-manno
1589 1136 1715 1181 fraudi

215 1200 312 1244 fuit,
341 1200 407 1236 sed
435 1213 556 1237 rursus
587 1213 737 1249 queror:
777 1206 815 1239 et
837 1191 891 1239 sic
916 1206 1003 1251 apte
1025 1203 1264 1251 respondebit
1286 1202 1457 1289 proxime
1476 1203 1713 1250 praecedenti

215 1258 401 1295 disticho!

329 1326 413 1363 118.
443 1326 681 1364 Ven.1486.-
708 1332 862 1375 φανιειη
879 1329 1146 1378 nestoriumque
1175 1328 1301 1365 Bentl.
1313 1339 1410 1365 cor..
1434 1330 1667 1377 ἸζιΙ-ιιᾶανεαπι.

329 1396 413 1432 119.
441 1396 561 1431 Idem
567 1396 685 1433 liber·
713 1404 867 1444 supeant.

328 1464 411 1502 120.
441 1466 537 1502 Ναπι
557 1478 736 1510 caussam,
758 1480 824 1504 cur
845 1467 964 1514 pietas
986 1466 1135 1515 ingrata
1161 1466 1222 1511 sit,
1249 1465 1400 1503 indicat.
1422 1466 1599 1504 Heinsius
1620 1480 1710 1505 cor..

213 1524 445 1570 1am‚qu0d
463 1521 705 1561 vehementer
725 1526 894 1573 languet.
953 1526 1091 1561 Sensus
1112 1525 1212 1561 enim
1232 1529 1345 1560 essett
1374 1526 1546 1574 ‘Ing-rata
1558 1527 1709 1571 quidem

213 1586 270 1617 est
289 1581 431 1628 pietas3
461 1583 620 1618 sedium
642 1583 859 1619 commissus
880 1583 953 1619 fuit
969 1569 1144 1619 fluct‘ibus
1161 1602 1210 1609 —-
1227 1582 1304 1618 ia‘m
1322 1594 1447 1630 sospes
1459 1584 1600 1621 evasit!
1629 1586 1709 1621 Re-

213 1640 312 1688 cepit
332 1645 458 1677 tamen
480 1641 576 1677 hanc
595 1642 892 1678 emendationem
910 1643 1021 1679 Conr.
1046 1641 1273 1689 Heusinger.

326 1717 409 1757 122.
438 1722 514 1757 Pro
538 1734 626 1758 cara
659 1696 747 1758 edit.
767 1723 857 1758 V.en
879 1722 1010 1757 1492..
1027 1723 1175 1758 ὛοῙιανσε
1244 1723 1421 1758 Ceterum
1446 1723 1541 1759 haec
1570 1701 1707 1760 verba.

210 1780 249 1815 in
269 1781 450 1825 amplexus
468 1798 518 1804 —
538 1785 638 1824 tuos,
668 1792 763 1825 quae
790 1791 918 1815 omnes
944 1779 1046 1817 editt.
1078 1783 1164 1815 ante
1193 1779 1358 1826 Lennep.
1382 1780 1579 1825 exhibent,
1608 1782 1707 1817 diffi-

211 1838 391 1873 cultatem
414 1837 566 1874 habent.
625 1838 713 1873 Sive
747 1838 847 1873 enim
865 1839 961 1874 haec
984 1837 1080 1873 vatis
1108 1838 1245 1881 verba,
1275 1837 1410 1882 quibus
1429 1838 1579 1874 Ulixem
1604 1852 1708 1875 com-

209 1894 432 1942 pellaverit,
462 1906 542 1929 esse
564 1895 654 1929 dicis
668 1921 679 1938 ‚
708 1896 851 1938 obstat,
881 1895 981 1941 quod
1004 1906 1180 1930 occursum
1202 1894 1409 1931 necessa-rio
1434 1896 1481 1931 ad
1507 1897 1599 1933 dixit
1618 1909 1708 1943 per·

210 1952 327 1998 tinet,
353 1958 391 1989 et
409 1953 484 1988 hoc
505 1954 661 1989 verbum
684 1949 871 1990 obiectum
884 1980 895 1998 ,
924 1954 1024 1999 quod
1045 1953 1194 1997 dicunt,
1223 1965 1332 1989 suum
1354 1953 1479 1991 habet.
1539 1954 1627 1991 Sive
1646 1954 1707 1991 his

209 2013 334 2047 verbis
354 2013 625 2047 Telemachum
639 2018 776 2057 apntre
798 2012 1018 2058 compellari
1038 2016 1147 2057 putas
1160 2037 1172 2054 ‚
1202 2011 1397 2047 offendunt
1416 2012 1530 2047 verba
1547 2025 1706 2058 sequen-

209 2070 283 2114 tia,
313 2081 410 2117 qnae
430 2070 480 2105 ad
499 2069 714 2116 Penelopen
735 2070 834 2106 dicta
865 2081 944 2105 esse
970 2068 1179 2116 Lennepius
1199 2068 1358 2107 monuit.
1396 2069 1467 2105 Ille
1487 2069 1606 2117 igitur
1620 2082 1704 2105 cor-

209 2129 326 2164 rexit:
356 2129 394 2164 in
416 2129 617 2175 amplexus,
648 2141 753 2172 cara,
777 2131 948 2175 ferorque
969 2134 1058 2164 tuos.
1116 2126 1271 2162 Videtur
1303 2127 1403 2162 enim
1423 2125 1624 2167 ridiculum
1644 2140 1704 2163 es-

210 2197 274 2229 se,
304 2186 336 2222 si
356 2186 486 2221 Ulixes
508 2185 581 2221 soli
603 2186 831 2221 Telemacho
854 2186 1061 2221 noscendus
1082 2184 1208 2219 venire
1232 2184 1348 2228 velit,
1377 2188 1415 2219 et
1431 2181 1561 2220 'tamen
1580 2185 1703 2219 Pene-

207 2243 320 2289 lopae
340 2244 435 2280 haec
457 2243 656 2290 scripserit.
717 2243 791 2278 Sed
814 2243 961 2279 videtur
981 2246 1137 2280 tantum.
1179 2242 1299 2277 Poeta
1318 2240 1418 2279 enim
1436 2241 1476 2277 iu
1496 2241 1567 2278 his.
1574 2254 1702 2289 presse

208 2302 418 2337 Homerum
441 2305 589 2337 secutus
615 2304 692 2345 est,
722 2304 762 2337 ct
782 2301 929 2336 Ulixem
950 2300 989 2336 in
1010 2301 1178 2336 virorum
1201 2304 1311 2335 coctu
1334 2299 1569 2346 (Penelopen
1597 2301 1701 2352 fenim

207 2359 249 2407 in
269 2358 450 2395 interiore
471 2360 603 2395 domus
626 2363 732 2406 purte
751 2362 960 2394 versantem
981 2359 1028 2394 ab
1048 2357 1108 2393 his
1129 2357 1342 2393 seiunctam·
1354 2368 1434 2393 esse
1454 2357 1605 2404 innuit)
1628 2358 1701 2394 soli

209 2418 442 2454 Telemacho
463 2421 592 2452 notum
613 2418 784 2453 futurum
805 2427 886 2452 esse
904 2415 1052 2452 indicat.
1093 2415 1219 2452 Naxus
1239 2414 1356 2464 igitur
1379 2419 1455 2451 est:
1484 2416 1617 2451 ‘Vates
1629 2408 1700 2452 Ti-

207 2476 324 2512 resins
346 2475 441 2510 dixit
459 2468 654 2511 occursum
677 2476 747 2510 filii
768 2475 808 2510 in
829 2475 970 2511 littore.
1028 2475 1092 2510 Tu
1119 2474 1260 2521 igitur,
1289 2483 1374 2509 care
1392 2473 1471 2516 fili,
1499 2486 1560 2508 me
1580 2474 1699 2516 vises;

207 2533 279 2569 tibi
300 2531 373 2568 soli
394 2532 599 2567 noscendus
620 2532 786 2567 veuium’
818 2537 889 2569 etc.
946 2531 1005 2567 Ad
1034 2531 1249 2577 Penelopen
1278 2536 1406 2567 autem
1429 2542 1541 2566 versu
1563 2532 1698 2567 ultimo

207 2592 360 2628 demum
389 2602 429 2625 se
461 2589 653 2626 convertit.
712 2591 901 2636 Amplexus
929 2590 989 2626 tui
1017 2593 1143 2625 autem
1173 2592 1283 2632 sunt,
1311 2592 1496 2635 quaestu,
1525 2588 1602 2633 fili,
1632 2602 1696 2626 ex-

206 2649 304 2697 petis
325 2648 465 2694 quique
487 2647 557 2683 tibi
578 2647 772 2697 debentur.
827 2648 931 2683 Bene
953 2648 1050 2683 haec
1067 2646 1160 2682 vidit
1180 2646 1439 2690 Eichhoffius,
1466 2646 1532 2692 qui
1552 2646 1591 2682 iu
1608 2654 1698 2682 ver-

206 2708 311 2745 sione
331 2706 536 2743 vernacula
558 2698 683 2741 omniu
703 2709 804 2741 recte
824 2706 1013 2752 expressit.
1071 2704 1177 2743 Nihil
1193 2704 1312 2752 igitur
1330 2706 1549 2749 mutandum
1571 2708 1638 2748 est,
1659 2709 1698 2742 et

205 2768 366 2813 abrupta
395 2764 518 2802 oratio
547 2763 650 2801 Ulixi
669 2762 826 2802 laetanti
846 2768 886 2802 et
911 2764 1051 2813 gaudio
1072 2763 1272 2808 exsultanti
1291 2764 1394 2810 beuo>
1422 2762 1618 2811 convenire
1641 2762 1696 2799 vi-

205 2826 328 2862 detur.
