1928 3186
228 274 334 329 Qua
359 273 512 334 Elegia
541 272 673 326 etiam
700 269 949 335 sig-nificat,
970 271 1241 318 familiarem
1270 287 1378 318 eum
1405 272 1492 317 sibi
1504 271 1655 338 fuisse,
1673 279 1731 319 et

228 361 395 391 secum
411 345 565 390 Asiam
595 353 639 390 et
667 344 862 390 Siciliam
888 344 1220 406 peregrinando
1250 343 1487 399 lustrasse,
1517 358 1583 390 vs.
1601 348 1699 390 212:

349 429 416 474 Te
438 427 549 472 duee
567 415 851 495 magnficas
870 421 1029 472 Asiae
1028 427 1350 487 perspeximus
1370 425 1529 480 arhen,

404 497 648 543 Trinacris
669 504 736 541 est
759 497 898 542 oculis
917 504 960 542 te
982 497 1094 543 duce
1113 504 1225 542 nota
1246 497 1359 542 meis
1394 494 1449 553 ³).

229 583 437 633 Eundem
465 586 675 632 Macrum
702 588 840 632 fuisse
867 595 1006 649 puto,
1050 588 1105 632 de
1144 603 1238 650 quo
1277 587 1489 653 militiam
1528 594 1572 631 et
1601 599 1731 630 arma

210 666 384 703 secuto
414 659 620 717 queritur
648 658 859 703 Tibullus
890 658 967 704 lib.
998 657 1058 704 II.
1104 657 1212 717 eleg.
1237 662 1281 703 6.
1307 656 1365 718 ⁴).
1430 657 1588 702 Alium
1616 657 1731 702 'Ma-

230 826 306 860 que
324 814 445 851 multo
467 817 553 861 post
569 813 853 851 Posthomerica
873 814 999 851 addita
1020 826 1100 851 esse
1119 814 1315 861 probabile
1336 817 1404 869 est.
1457 812 1612 850 Ovidius
1620 810 1731 859 enim

229 872 341 909 Pont.
373 873 454 908 1.c.
477 883 522 908 ea
543 884 629 908 cum
647 873 737 909 Arte
763 872 922 910 Amandi
943 872 1135 920 coniungit
1158 877 1216 916 et,
1245 863 1446 917 utrumque
1477 867 1629 907 carmen
1662 881 1728 906 eo-

231 929 318 965 dem
341 919 511 975 tempore
530 931 670 966 factum
690 928 792 974 esse,
820 926 975 966 innuere
1003 930 1162 966 videtur.
1222 931 1333 965 Certe
1355 941 1431 964 non
1447 928 1517 964 illo
1543 930 1729 974 tem'pore,

230 999 306 1033 quo
330 987 482 1023 Ovidius
502 987 698 1033 epistolam
718 999 765 1022 ex
775 988 898 1023 Ponto
925 989 972 1023 ad
993 988 1166 1024 Macrum
1183 986 1285 1022 dedit
1310 985 1432 1031 (anno
1452 983 1728 1031 nimitum),

230 1045 404 1081 Macrum
424 1044 707 1080 Postho'merica
730 1044 903 1080 cecinisse
925 1044 1023 1079 sed
1010 1056 1087 1080 lam
1109 1048 1219 1081 antea
1240 1043 1416 1099 edidisse,
1443 1044 1560 1080 verba
1580 1043 1727 1079 Doctri-

230 1115 300 1139 nae
316 1104 469 1150 pretium
488 1103 588 1138 triste
609 1104 780 1150 magister
800 1103 905 1138 habet
916 1101 1099 1147 indicant.

345 1170 388 1216 3)
418 1171 503 1205 Hoc
517 1168 651 1206 itinere
661 1170 787 1206 Asiam
804 1171 1077 1216 perlustrarunt
1094 1173 1132 1206 et
1152 1172 1303 1215 praeter
1320 1168 1426 1206 alias
1435 1169 1549 1205 urbes
1565 1167 1725 1205 Troiam

230 1227 414 1263 viderunt.
434 1227 511 1272 vid.
535 1227 641 1263 Ovid.
661 1228 707 1263 F
708 1232 762 1264 ·st.
784 1229 856 1272 VI,
887 1226 970 1264 417.
992 1239 1072 1276 sqq.-
1117 1228 1296 1275 Magnam
1317 1231 1445 1263 autem
1472 1226 1560 1267 anni
1579 1230 1748 1273 partem.

232 1289 271 1321 et
293 1284 443 1330 quidem
462 1285 609 1331 hyemis
628 1289 796 1331 tempore
817 1285 857 1321 in
880 1284 1010 1321 Sicilia.
1029 1289 1257 1329 manserunt,
1286 1285 1385 1320 unde
1405 1284 1558 1320 Ovidius
1578 1283 1724 1319 Pontio.
1740 1324 1742 1327 v

230 1343 258 1378 l.
294 1354 325 1378 c.
356 1354 410 1378 vs.
441 1341 518 1387 29.
558 1343 630 1378 Hic
650 1344 740 1379 mihi
758 1343 905 1378 labe-ntis
929 1354 1018 1390 pars
1045 1343 1132 1378 anni
1153 1354 1287 1390 magna
1300 1347 1450 1388 peracta
1473 1347 1535 1378 est.
1564 1341 1650 1377 vide
1670 1340 1726 1377 ibi

229 1400 375 1436 Biman.
434 1381 557 1435 Alias
566 1400 680 1436 etiam
706 1397 880 1447 regiones
910 1400 1008 1448 visas
1027 1412 1106 1435 esse
1124 1404 1279 1446 apparet
1310 1412 1332 1435 e
1363 1412 1416 1436 vs.
1438 1399 1519 1435 31..
1548 1400 1597 1435 Et
1616 1403 1726 1445 quota

227 1469 316 1503 pars
335 1457 422 1492 haec
441 1462 521 1492 sunt
540 1469 668 1501 rerum,
697 1470 785 1503 quas
806 1458 959 1492 vidimus
984 1458 1096 1492 ambo.
1128 1458 1235 1492 Conf.
1259 1456 1373 1492 Trist.
1395 1458 1426 1501 1,
1446 1456 1483 1501 2,
1510 1455 1570 1492 78.
1606 1456 1725 1493 Athe-

230 1514 336 1551 uisne
368 1513 502 1557 etiam,
532 1512 628 1560 quae
648 1514 721 1550 fuit
740 1514 906 1566 Massoni
926 1514 999 1564 Vit.
1029 1514 1135 1550 Ovid.
1164 1526 1201 1560 p.
1222 1514 1281 1551 49.
1312 1511 1499 1561 suspicio,
1528 1513 1598 1549 illo
1627 1517 1725 1550 tem-

230 1583 324 1620 pore
347 1571 497 1615 fuerint,
527 1572 682 1607 dubium
702 1576 768 1607 est.
828 1573 966 1623 Certe
970 1583 1039 1607 cur
1059 1576 1174 1618 poeta
1200 1572 1240 1607 in
1259 1573 1332 1608 hac
1354 1572 1514 1618 epistola
1532 1570 1644 1606 huius
1664 1570 1726 1616 rei

230 1641 307 1665 non
328 1628 559 1673 meminerit,
587 1628 716 1664 mirari
735 1629 835 1665 licet.
892 1618 1042 1665 Fecisse
1062 1629 1235 1665 Ovidium
1255 1630 1330 1665 hoe
1347 1629 1420 1665 iter
1437 1630 1633 1676 puerilibus
1654 1641 1722 1664 an-

229 1688 286 1721 nis
306 1687 408 1721 Fast.
438 1687 466 1722 l.
487 1698 516 1721 c.
537 1690 737 1727 testatur.
763 1687 884 1733 Atque
908 1679 1104 1722 Massonus
1123 1687 1197 1722 hoc
1220 1687 1352 1733 paullo
1371 1690 1458 1733 post
1478 1690 1608 1734 togam
1629 1686 1723 1723 viri-

229 1745 309 1780 lem
329 1746 511 1787 sumtum,
541 1755 625 1778 cum
646 1747 732 1779 ante
754 1756 830 1780 non
855 1745 1020 1780 solerent
1049 1756 1209 1792 peregre
1230 1744 1435 1791 proficisci,
1463 1745 1606 1780 factum
1640 1743 1721 1780 esse

186 1800 194 1806 ”
229 1814 306 1838 ιιοιι
336 1802 435 1836 male
456 1801 647 1837 conclusit.
704 1801 824 1848 Igitur
848 1801 945 1843 circa
964 1813 998 1838 a
1014 1801 1098 1838 728.
1107 1802 1272 1847 -731.,
1302 1802 1426 1838 Ovidii
1446 1800 1559 1838 xvn.
1570 1797 1722 1847 —XX.,

228 1860 353 1901 Roma
374 1859 535 1894 abfuisse
554 1859 735 1895 videntur.
791 1860 898 1895 Anno
914 1859 1060 1896 circiter
1078 1845 1161 1897 732.
1185 1860 1285 1896 enim
1306 1859 1460 1896 Ovidius
1477 1860 1626 1895 Romae
1645 1827 1722 1903 fuit

229 1921 268 1954 et
287 1916 486 1952 Corinnam
508 1918 697 1952 celebrare
719 1917 850 1964 coepit.
908 1917 1079 1953 Macrum
1096 1922 1224 1955 autem
1244 1929 1320 1954 non
1340 1917 1465 1955 solum
1482 1916 1628 1976 itineris
1647 1918 1719 1955 du-

230 1986 334 2017 cem,
363 1974 428 2009 sed
450 1973 562 2009 etiam
582 1985 700 2020 paene
720 1974 941 2022 magistrum
960 1975 1104 2012 hahuit.
1162 1976 1253 2011 Inde
1274 1986 1328 2011 vs.
1348 1974 1408 2011 32.
1427 1967 1547 2026 canit·
1580 1975 1717 2018 Tem&

228 2025 269 2068 1ιί
287 2033 456 2068 iucundas
477 2033 648 2077 efficiente
667 2032 757 2068 υίαε.
814 2032 932 2076 Unde,
952 2030 1062 2067 illum
1082 2032 1228 2078 aliquot
1248 2032 1353 2068 annis
1378 2019 1512 2069 ovidio
1533 2032 1717 2069 maiorem

228 2089 355 2132 fuisse,
385 2089 604 2125 concludere
622 2088 723 2125 licet.
781 2089 857 2125 Sed
878 2089 1074 2135 quominus
1095 2091 1169 2126 hoc
1189 2101 1376 2126 annorum
1404 2089 1605 2126 discrimen
1632 2101 1717 2127 ma-

228 2159 346 2195 gnum
363 2146 476 2182 fuisse
495 2150 725 2191 statuamus,
752 2145 959 2194 impediunt
978 2147 1085 2195 longi
1107 2147 1295 2183 convictus
1325 2148 1409 2184 aevi
1429 2159 1483 2184 vs.
1502 2146 1564 2191 9.
1592 2143 1735 2188 studia'

230 2205 441 2241 communia
457 2216 510 2241 vs.
532 2205 604 2249 11.,
631 2204 717 2250 ioci,
746 2217 839 2251 quos
858 2202 908 2242 ἰιι
916 2204 1050 2242 itinere
1070 2209 1248 2253 egerunt,
1276 2216 1330 2242 vs.
1349 2205 1409 2243 42.
1434 2209 1473 2242 et
1492 2205 1631 2242 amoris
1653 2217 1715 2243 ar-

229 2263 322 2306 dor,
361 2262 445 2308 qui
457 2262 554 2298 circa
579 2274 614 2298 a.
639 2251 722 2298 744.
752 2264 873 2321 adhuc
903 2262 943 2298 in
971 2262 1099 2299 Macro
1130 2263 1215 2301 fuit.
1242 2262 1714 2307 v.Amor.11‚18‚39.

228 2321 483 2365 Quamobrem
514 2331 600 2354 eum
618 2319 725 2355 circa
754 2330 790 2355 a.
811 2322 850 2356 ιἰ.
872 2331 904 2355 c.
926 2316 1009 2355 705.
1028 2324 1158 2356 natum
1179 2332 1259 2357 esse
1286 2321 1464 2367 suspicor.
1522 2315 1587 2357 Sic
1615 2320 1716 2358 enim

254 2376 377 2412 ,730
404 2376 546 2412 invenis
578 2376 710 2424 viginti
741 2376 903 2423 quinque
935 2388 1118 2426 annorum
1150 2382 1187 2415 et
1213 2377 1297 2415 767.
1323 2378 1446 2415 maior
1471 2378 1714 2426 sexagenario

227 2433 312 2469 fuit.
343 2453 392 2459 —
420 2434 617 2469 Caeterum
639 2433 761 2470 Ovidii
782 2428 980 2483 coniugem
1008 2429 1180 2480 tertiam,
1209 2447 1323 2482 quam
1343 2448 1365 2472 e
1386 2440 1500 2485 gente
1513 2436 1633 2473 Fabia
1653 2437 1716 2473 οι·-

227 2495 305 2527 tam
326 2503 405 2526 esse
415 2479 608 2527 Massonus
634 2504 670 2538 p.
683 2491 741 2528 61.
755 2496 792 2529 et
813 2490 895 2529 215.
917 2493 1106 2539 probabili
1125 2493 1271 2531 ratione
1286 2495 1425 2539 docuit,
1445 2493 1715 2543 necessitudine

227 2550 386 2594 quadam
411 2553 495 2584 cum
516 2549 645 2586 Macro
680 2550 914 2588 coniunctam
937 2550 1080 2596 fuisse,
1110 2563 1157 2588 ex
1187 2552 1299 2589 Pont.
1331 2553 1390 2597 11,
1419 2552 1489 2598 10
1516 2551 1576 2588 10.
1603 2541 1713 2588 ‹iisd-·-

226 2617 321 2643 ιιιιιε.
350 2606 423 2642 vid.
451 2606 601 2643 Messon
629 2619 665 2654 p.
686 2607 745 2644 62.

340 2673 384 2721 4)
412 2675 578 2711 Eandem
600 2676 823 2724 sententiam,
848 2682 1124 2726 proposuerunt
1143 2680 1276 2718 Douza
1303 2679 1350 2716 ad
1380 2677 1485 2716 Ovid.
1513 2678 1640 2727 Amor.
1662 2679 1711 2728 ΙΙ,

226 2731 293 2777 18,
321 2732 356 2769 2.
387 2737 428 2770 et
447 2734 485 2768 Β.
511 2734 699 2780 spohnius
729 2736 769 2772 in
799 2728 897 2772 notis
916 2749 1002 2772 mss.
1024 2738 1072 2773 ad
1100 2738 1309 2773 Tibullum.
1367 2735 1710 2779 Fontei-loretum,

228 2790 376 2827 Tibulli
398 2790 561 2838 elegiam
588 2803 684 2829 anno
705 2792 788 2830 733.
819 2794 993 2840 scriptam
1015 2806 1106 2838 esse,
1133 2794 1275 2830 idoneis
1294 2793 1522 2842 argumentis
1548 2795 1709 2841 probare

225 2849 378 2887 studuit.
435 2849 635 2896 Expeditio
656 2855 805 2895 autem,
835 2852 896 2887 cui
925 2852 1103 2889 Macrum
1113 2844 1323 2888 interfuisse
1342 2851 1521 2887 Tibullus
1539 2855 1708 2896 tutatur,
