1928 3186
718 100 1112 143 —2—

163 219 319 263 locum
346 215 631 273 relinqueret.
689 211 819 266 Quae
846 223 954 254 cum
982 210 1045 254 ita
1072 211 1187 267 sint,
1215 225 1311 255 non
1340 209 1540 258 alienum
1570 229 1667 260 esse

164 287 343 348 putavi,
375 285 560 329 eandem
589 281 825 327 materiam
862 286 1126 335 retractare,
1169 288 1213 324 et
1253 280 1364 339 quid
1405 282 1457 325 in
1495 283 1580 328 hac
1617 300 1670 329 re

165 371 329 403 verum
357 355 432 407 sit,
461 368 548 413 pro
589 350 707 396 virili
744 347 990 392 ostendere.
1045 345 1119 393 ‘Ut
1148 356 1321 404 autem,
1361 350 1471 409 quid
1501 353 1669 413 absque

171 419 354 469 audacia
382 418 426 467 et
453 421 702 465 temeritate
742 417 878 460 statui
908 417 1081 475 possit,
1121 418 1284 462 clarius
1320 427 1561 479 appareat,
1599 420 1667 464 al-

168 495 256 538 tius
285 507 386 537 rem
416 491 599 549 repetii,
629 502 775 547 neque
803 493 983 530 tantum
1011 487 1373 533 adversariorum
1402 498 1669 547 argumenta

168 572 213 607 et
247 561 480 605 sententias
510 558 788 609 examinavi,
819 556 895 599 'sed
924 557 1079 611 etiam,
1110 558 1218 615 quid
1247 558 1295 610 in
1321 558 1584 602 universum
1614 558 1669 601 dc

170 631 318 678 Ovidii
348 624 563 672 etSabini
579 626 792 688 Epistolis
820 641 908 686 pro
940 635 1061 670 certo
1092 627 1243 686 colligi
1271 627 1438 685 possit,
1463 627 1548 671 hac
1577 627 1668 671 dis-

170 700 404 761 putatione
439 697 738 756 qualicunque
779 697 1011 740 ostendere
1050 698 1220 743 studui.
1294 697 1435 742 Divisi
1483 712 1583 740 eam
1620 698 1668 739 in

172 770 376 829 quinque
402 775 567 827 partes,
598 775 641 810 et
666 766 875 826 primum
906 767 1085 825 quidem
1107 767 1161 811 de
1189 774 1413 827 tempore,
1444 780 1536 824 quo
1556 766 1668 811 Ovi-

173 840 235 883 dii
249 836 474 898 Epistolae
492 835 696 895 primum
717 836 855 879 editae
884 837 993 890 sint,
1025 837 1260 896 disputavi,
1289 835 1530 894 simulque,
1561 835 1667 893 qui-

172 910 258 953 bus
287 907 412 951 annis
440 906 688 959 Amorum,
717 905 837 948 Artis
866 905 1059 950 Amandi
1101 914 1145 950 et
1170 907 1494 951 Remediorum
1522 906 1667 948 Amo-

174 995 237 1024 ns
266 977 400 1021 editio
429 976 714 1019 adscribenda
742 975 821 1030 sit,
859 975 1060 1020 indicavi.
1118 975 1269 1031 Tum,
1293 990 1407 1034 quae
1436 975 1490 1019 de
1518 974 1667 1018 Sabini

174 1049 266 1095 vita
294 1049 343 1090 in
372 1053 605 1105 comperto
634 1045 878 1089 habeamus
917 1052 961 1088 et
994 1059 1102 1102 quas
1131 1054 1282 1104 partes
1322 1045 1398 1089 ille
1424 1045 1473 1088 in
1499 1044 1667 1088 Heroi-

174 1118 288 1163 dum
305 1115 343 1159 E
348 1114 517 1175 pistolis
541 1114 780 1158 scribendis
796 1114 1054 1173 susceperit,
1082 1115 1273 1170 narravi,
1293 1123 1336 1159 et
1353 1113 1666 1173 Epistolarum

175 1189 270 1232 eius
300 1184 578 1229 authentiam
606 1184 798 1227 defendi.
858 1184 976 1226 Cum
1006 1192 1156 1227 autem
1194 1184 1329 1227 huius
1357 1183 1668 1242 Epistolarum

176 1263 331 1299 textus
361 1267 568 1295 sermone
596 1268 679 1297 suo
707 1253 813 1296 viris
843 1253 982 1294 doctis
1011 1253 1307 1310 displicuisset·
1336 1260 1381 1295 et
1409 1252 1568 1294 multis
1597 1252 1667 1295 vi-

174 1323 249 1366 tiis
286 1320 613 1365 contaminatus
657 1322 776 1366 visus
825 1330 957 1374 esset,
998 1322 1196 1365 carmina
1233 1322 1334 1381 ipsa
1370 1320 1425 1364 ad
1462 1329 1669 1366 veterum

175 1393 426 1435 editionum
453 1390 590 1433 fidem
618 1393 829 1434 recensita
858 1391 1027 1444 addidi,
1051 1400 1094 1435 ct
1121 1393 1169 1434 in
1199 1392 1524 1434 commentario
1556 1391 1668 1432 sub-

174 1461 290 1506 iecto
318 1458 442 1503 locos
476 1458 737 1520 depravatos
764 1459 993 1505 emendavi
1038 1467 1083 1503 ct
1111 1459 1274 1504 iniuria
1312 1457 1491 1503 affectos
1519 1458 1669 1504 vindi-

175 1530 284 1575 cavi.
340 1529 509 1573 Deinde
538 1530 592 1571 ad
622 1530 833 1573 Ovidium
860 1544 1089 1583 reversus,
1119 1529 1229 1587 quid
1260 1529 1315 1571 de
1343 1529 1558 1587 Epistolis
1587 1544 1669 1572 sex

175 1598 416 1659 postremis
445 1597 731 1640 statuendum
768 1600 825 1642 sit
861 1598 1078 1657 quaesivi,
1119 1613 1190 1642 cas
1220 1596 1380 1643 Ovidio
1419 1597 1582 1641 asserui
1624 1603 1669 1641 ct

176 1667 379 1710 editionis
407 1672 589 1723 tempus
617 1665 818 1712 indicavi.
878 1668 1024 1710 Porro
1045 1667 1247 1710 Werferi
1264 1668 1547 1721 sententiam,
1577 1681 1669 1724 qua

175 1732 398 1793 Epistolas
413 1731 648 1776 L-XIV.
679 1733 743 1774 bis
773 1735 826 1774 ab
847 1732 1004 1775 Ovidio
1025 1731 1261 1775 recensitas
1291 1747 1382 1775 csse
1400 1735 1552 1789 suasit,
1583 1750 1669 1778 cx·-

175 1801 381 1846 aminavi.
423 1800 729 1857 Denique,'cui
752 1801 852 1844 loco
875 1800 1080 1859 Epistola
1108 1801 1279 1844 decima
1310 1804 1466 1860 quinta
1495 1805 1668 1847 adscri-

174 1872 317 1915 benda
344 1870 426 1923 sit,
460 1868 632 1911 ostendi
677 1877 722 1912 et
768 1870 1069 1935 interpretum
1122 1869 1426 1916 dubitationes
1474 1875 1666 1919 removi.

175 1941 350 1994 Quibus
381 1938 591 1981 omnibus
613 1947 848 1996 postremo
880 1940 1104 1983 corollarii
1133 1939 1236 1984 loco
1253 1943 1453 1999 quaestio
1475 1944 1531 1987 dc
1558 1944 1667 1987 uni-

174 2022 303 2052 verso
332 2007 498 2050 harum
525 2006 833 2066 Epistolarum
871 2024 1031 2068 genere
1038 2042 1053 2065 ‚
1099 2009 1357 2066 inventore,
1405 2012 1582 2057 ambitu
1621 2020 1667 2056 ct

174 2077 359 2120 nomine
386 2075 571 2121 accedet.
