1928 3186
688 724 1301 796 THESES.

358 992 549 1038 Fabulae
575 990 818 1047 Indorum,
847 990 1125 1038 Iudaeorum
1153 998 1197 1036 et
1224 991 1505 1036 Graecorum
1532 990 1589 1036 de
1610 990 1732 1036 dilu-

241 1066 315 1111 vio
347 1063 547 1123 quodam
567 1060 879 1119 antiquissimo
908 1077 967 1109 ex
989 1061 1225 1120 communi
1252 1060 1381 1105 fonte
1397 1060 1647 1105 fluxerunt.

355 1155 402 1198 P.
430 1154 575 1198 Ovidii
604 1137 794 1196 Nasonis
819 1151 1061 1214 Fastorum
1087 1152 1192 1196 libri
1217 1168 1298 1196 sex
1332 1155 1607 1213 posteriores
1632 1168 1730 1198 non

241 1224 492 1283 perierunt,
510 1222 597 1274 ,sed
617 1237 872 1281 numquam
900 1222 1057 1281 scripti
1081 1223 1363 1266 exstiterunt.

225 1351 235 1361 .
356 1313 554 1358 Cornelii
578 1314 768 1373 Nepotis
804 1314 941 1381 vitae,
962 1313 1277 1358 excellentium
1305 1314 1638 1375 imperatorum
1671 1314 1729 1359 ab

240 1384 430 1429 Aemilio
456 1383 609 1427 Probo
635 1382 768 1427 scribi
781 1398 879 1429 non
897 1390 1173 1442 potuerunt,
1201 1399 1481 1444 quamquam
1509 1384 1565 1429 ab
1594 1400 1648 1429 eo
1671 1384 1729 1429 ad

239 1453 568 1514 compendium
592 1451 793 1499 redactae
810 1467 902 1496 esse
914 1452 1136 1497 videntur.

354 1545 527 1588 Cassius
548 1544 763 1587 Etruscus
782 1543 908 1586 idem
928 1550 994 1586 est
1012 1558 1062 1586 ac
1090 1542 1264 1587 Cassius
1288 1543 1555 1591 Parmensis·

353 1636 632 1686 Nasidienus,
671 1650 808 1693 quem
841 1635 1055 1679 Horatius
1088 1634 1178 1680 Sat.
1197 1635 1265 1688 II,
1301 1640 1347 1682 8.
1376 1645 1722 1693 commemorat,

237 1720 334 1751 non
352 1712 419 1749 est
443 1703 714 1749 Salvidienus
732 1702 894 1748 Rufus.
1702 1725 1722 1745 ο

351 1797 442 1840 Iter
466 1796 731 1840 Maecenatis
755 1789 1123 1851 Brundusinam,
1163 1797 1297 1856 quod*
1321 1796 1535 1844 Horatius
1558 1798 1651 1843 Sat.
1673 1798 1720 1854 I,

236 1872 282 1914 5.
311 1866 564 1927 descripsit,
591 1880 737 1925 neque
755 1880 873 1910 anno
894 1865 954 1910 U.
981 1881 1018 1909 c.
1040 1870 1143 1913 714.
1169 1881 1317 1926 neque
1335 1871 1450 1924 ⁷17„
1476 1868 1554 1913 sed
1575 1885 1603 1913 a
1618 1872 1719 1915 716.

236 1938 409 1982 factum
436 1943 515 1979 est.
1549 1990 1552 1993 .

334 2030 582 2088 Aegyptus
608 2027 665 2070 ab
695 2027 824 2070 India
842 2012 1056 2071 Orientali
1081 2041 1229 2087 neque
1263 2028 1451 2086 incolas,
1480 2042 1628 2089 neque
1654 2045 1721 2076 sa·

241 2112 315 2142 cra
326 2129 340 2151 ‚
362 2112 509 2157 neque
530 2097 708 2141 cultum
729 2098 908 2156 accepit.
