1928 3186
756 104 771 128 χ
849 113 854 119 .

785 122 1188 167 —24-.....

241 235 464 296 Epistolas
494 234 656 293 [Tom-¹
681 234 759 280 lv.
787 249 837 294 p.
868 238 967 281 128
1003 233 1128 294 ΟΡΡ.
1159 231 1291 277 ovid.
1327 231 1600 290 Burmann]
1627 233 1738 279 haec

240 307 447 350 monuit·
478 304 681 349 ‘Sabinus
710 310 847 363 poeta
866 302 1014 348 Ovidii
1041 301 1325 363 temporibus
1354 302 1537 363 scripsit
1559 280 1737 365 Episto-

241 374 345 430 las,
359 375 521 435 quibus
549 372 736 432 Ulysses
765 372 1033 434 Penelopae,
1061 371 1343 431 Hippolytus
1370 372 1619 427 Phaedrae,
1648 374 1736 419 Ae-

241 459 346 489 neas
388 444 579 497 Didoni,
626 442 938 503 Demophoon
986 441 1208 501 Phyllidi,
1256 440 1391 487 Iason
1433 442 1737 504 Hypsipylae,

240 513 399 558 Phaon
414 512 654 573 Sapphoni
671 512 959 573 respondent.
1016 512 1106 557 Sed
1129 526 1226 557 non
1248 520 1441 557 exstant.
1498 513 1617 557 Nam
1645 520 1738 557 tres

240 582 325 627 hae
353 598 468 642 quae
492 582 741 636 habentur,
771 581 887 626 mihi
916 597 1013 637 non
1040 582 1181 629 modo
1209 597 1308 626 non
1335 582 1544 627 videntur
1572 575 1752 632 Sabini,'

241 652 317 698 sed
334 668 392 697 ne
413 651 666 697 excellentis
696 651 880 711 quidem
899 652 1166 711 cuiusquam
1185 660 1357 712 poetae.
1369 651 1381 671 ’
1412 652 1560 712 Atque
1577 653 1627 696 in
1647 651 1739 696 fine

240 721 484 766 voluminis
520 721 641 766 idem
676 721 820 765 Aldus
857 721 1047 766 addidit:
1097 722 1332 767 ‘Diximus
1361 724 1569 783 superius
1607 722 1738 768 Sabi-

241 792 290 837 ni
308 791 554 852 Epistolas,
584 791 639 835 de
666 791 866 851 quibus*
853 807 903 836 111
918 792 1166 836 Amoribus
1188 792 1375 838 Ovidius
1395 793 1614 848 meminit,
1643 807 1740 837 non

242 869 440 910 exstare:
469 869 571 905 tum
600 876 714 920 quae
742 861 905 905 Sabino
945 861 1277 916 inscribuntur,
1307 877 1403 905 non
1430 863 1571 906 modo
1601 860 1740 907 videri

241 929 357 974 mihi
384 945 480 974 11011
504 929 643 975 fuisse
670 930 847 984 Sabini,
887 931 965 974 sed
991 946 1050 975 ne
1078 930 1240 989 egregii
1268 930 1534 989 cuiusquam
1562 938 1740 990 poetae.

241 997 369 1042 Idem
414 1007 458 1044 et
492 999 566 1044 1110
607 1000 944 1047 confirmamus.
957 1001 970 1020 ’
1038 1000 1228 1044 Secutus
1269 1007 1334 1043 est
1371 1000 1487 1044 Dan.
1516 999 1739 1051 Heinsius,

243 1068 324 1125 qui
360 1067 418 1112 ad
447 1068 574 1115 Ovid.
603 1071 787 1116 Heroid.
825 1071 923 1115 init.
953 1069 1147 1114 notavit:
1208 1068 1387 1112 ‘Sabino
1428 1083 1542 1126 quae
1570 1067 1743 1112 adscri-

241 1134 416 1182 buntur
443 1136 725 1196 [Epistolae],
755 1140 817 1185 ita
844 1139 1083 1198 languent,
1112 1146 1165 1182 ut
1192 1153 1252 1181 ne
1279 1136 1362 1181 hac
1388 1145 1527 1181 aetate
1558 1137 1742 1196 quidem

243 1204 433 1264 scriptas
462 1203 583 1250 ferre
609 1222 805 1266 possem.
864 1207 919 1251 In
941 1207 1105 1266 quibus
1136 1215 1179 1250 et
1204 1206 1451 1250 obscuritas
1479 1213 1522 1249 et
1544 1205 1742 1250 manife-

244 1280 340 1317 stus
368 1273 417 1317 in
445 1276 679 1321 scribendo
703 1276 924 1331 defectus,
956 1277 1046 1321 sive
1066 1283 1120 1320 ut
1140 1276 1296 1320 Graeci
1324 1275 1640 1335 significantius
1667 1276 1742 1320 lo-

245 1351 479 1400 quuntur,
518 1342 569 1390 ἐν
596 1348 652 1405 τῇ
690 1343 895 1404 ἑρμενείᾳ
938 1343 1148 1391 ἀσθένεια
1187 1345 1365 1391 elucet.'-
1415 1345 1605 1389 Accessit
1635 1347 1742 1392 Ger.

243 1410 313 1456 Io.
344 1412 530 1457 Vossius
560 1414 615 1458 de
653 1422 796 1474 poett.
833 1415 929 1459 Lat.
968 1431 1063 1474 cap.
1089 1419 1136 1462 2.
1166 1430 1215 1475 p.
1244 1419 1335 1461 aa:
1394 1415 1509 1458 ‘Scio
1538 1416 1626 1459 sub
1653 1431 1742 1459 no-

244 1480 369 1525 mine
408 1481 560 1526 Sabini
591 1483 679 1542 legi
713 1491 883 1539 ternas,
928 1483 1109 1542 Ulyssis
1154 1484 1209 1527 ad
1248 1483 1525 1543 Penelopen,
1567 1484 1743 1528 Demo-

245 1549 462 1611 phoontis
480 1547 538 1597 ad
555 1552 796 1612 Phylliden
818 1564 861 1599 et
878 1554 1048 1598 Paridis
1087 1552 1144 1598 ad
1165 1553 1394 1598 Oenonen.
1423 1553 1510 1598 Sed
1537 1554 1743 1612 indignae

246 1624 435 1680 prorsus
465 1622 643 1676 Sabino,
673 1623 744 1667 vel
772 1622 926 1682 aliquo
954 1623 1074 1666 illius
1094 1622 1317 1682 temporis
1337 1629 1493 1682 poeta:
1525 1623 1636 1681 quin
1653 1638 1743 1667 ne-

249 1704 338 1748 que
361 1698 520 1741 nostro
541 1692 577 1734 si
594 1707 701 1736 aevo
721 1687 910 1751 scriptae
930 1691 1096 1745 forent,
1126 1692 1329 1736 multum
1346 1692 1490 1736 laudis
1509 1707 1742 1736 mereren-

246 1760 356 1804 tur?
413 1760 540 1804 Idem
561 1768 813 1804 statuerunt
828 1761 998 1804 Dacier.
1020 1768 1063 1804 et
1080 1761 1303 1810 Sanadon.
1334 1761 1391 1805 ad
1407 1761 1566 1806 Horat.
1593 1761 1740 1821 Epist.

245 1826 283 1882 I,
312 1832 356 1883 5,
384 1833 457 1874 27.
497 1829 701 1888 Denique
720 1829 1011 1874 Burmannus
1034 1830 1090 1873 ad
1108 1830 1256 1874 Sabin.
1276 1830 1418 1890 Epist.
1430 1830 1467 1886 I,
1490 1835 1560 1875 1⁰.
1574 1847 1587 1873 =
1617 1830 1742 1874 ‘Plu-

247 1913 298 1942 ra
325 1898 375 1942 in
393 1897 462 1943 his
492 1898 707 1958 Epistolis
741 1899 926 1943 duriora
955 1906 999 1942 et
1016 1915 1121 1959 vere
1149 1899 1302 1943 scabra
1331 1907 1597 1952 occurrunt,
1630 1916 1744 1958 quae

248 1966 343 2010 fere
383 1967 605 2016 efficiunt,
644 1975 699 2011 ut
738 1967 792 2011 de
832 1968 997 2012 Sabino
1037 1975 1217 2013 auctore
1258 1968 1488 2014 dubitem.'
1548 1967 1744 2013 Illorum
1789 2018 1791 2021 ¹

249 2038 513 2080 auctoritate
543 2036 714 2095 decepti
741 2036 945 2097 sunt-alii
973 2037 1177 2095 plurimi,
1208 2038 1287 2096 qui
1314 2037 1395 2080 has
1419 2036 1641 2096 Epistolas
1670 2036 1745 2078 in-

252 2104 370 2149 dicta
407 2120 558 2148 caussa
587 2104 876 2168 damnarunt.
935 2119 979 2149 v.
1009 2104 1204 2164 Ruperti
1234 2105 1483 2149 Grundriss
1536 2104 1615 2147 der
1652 2105 1746 2148 Ge·-

252 2173 447 2216 schichte
468 2174 621 2216 -der
649 2174 820 2216 R'omer
848 2189 894 2232 p.
923 2176 1041 2221 8⁰5„
1070 2172 1240 2216 Becher
1274 2172 1327 2216 ad
1357 2173 1486 2215 Ovid.
1510 2172 1653 2232 Epist.
1682 2172 1744 2235 X.

251 2257 299 2301 p.
337 2247 407 2287 16.
447 2250 529 2286 etc.
607 2242 785 2287 Nostris
831 2249 985 2285 tamen
1023 2241 1308 2302 temporibus
1348 2257 1450 2286 rem
1488 2241 1746 2286 retractavit
1834 2240 1836 2242 ’

252 2311 469 2364 Amarus,
500 2312 579 2371 qui
615 2313 671 2356 ad
710 2304 856 2354 Sabin.
897 2312 1040 2370 Epist.
1076 2309 1113 2354 Ι.
1151 2312 1348 2371 scripsitz
1418 2310 1590 2354 ‘Litem
1628 2309 1746 2354 hanc

253 2378 395 2422 lector
424 2394 515 2437 quo
535 2381 715 2424 dirimat
734 2380 906 2424 facilius
918 2411 932 2433 ,
961 2379 1090 2423 suam
1111 2379 1340 2440 Epistolae
1361 2380 1522 2439 cuiun
1548 2394 1746 2439 respon-

254 2448 429 2490 sionem
456 2448 750 2503 subiecimus,
793 2464 907 2506 quae
943 2448 1079 2506 vulgo
1115 2450 1169 2491 ad
1200 2449 1444 2492 voluminis
1474 2447 1639 2491 calcem
1667 2448 1746 2491 iu-

254 2515 421 2559 bentur
447 2516 667 2560 exulare)
725 2519 871 2575 Atque
901 2516 955 2559 ad
976 2517 1117 2577 Epist.
1146 2516 1225 2560 ΙΙΙ.
1255 2516 1439 2561 addidit:
1479 2516 1744 2576 ‘Lectorem‚

253 2585 402 2638 credo,
432 2585 535 2628 satis
565 2601 791 2645 superque
818 2587 1141 2638 instruximus,
1169 2594 1245 2638 ut,
1283 2586 1513 2644 perpensis
1553 2585 1746 2643 diligen..

251 2662 322 2698 ter
370 2654 605 2714 utrimque
636 2654 798 2699 caussis
813 2686 825 2707 ,
865 2655 1127 2714 pronuntiet
1166 2668 1311 2710 nunc,
1340 2654 1478 2699 iudex
1505 2652 1745 2713 legitimus,

251 2733 408 2770 utrum
440 2724 526 2770 hae
554 2732 646 2769 tres
682 2724 931 2786 Epistolae,
962 2740 1077 2784 quae
1104 2725 1309 2769 trecentis
1350 2733 1394 2769 et
1430 2716 1625 2786 amplius
1663 2725 1747 2768 ab-

250 2795 356 2840 hinc
386 2796 511 2840 annis
541 2794 627 2839 sub
665 2794 718 2839 A.
751 2794 902 2839 Sabini
930 2793 1116 2839 nomine
1153 2787 1555 2848 circumferuntur,
1586 2792 1747 2853 genui-
