1928 3186
791 145 906 156 --
962 126 1041 178 τιή
1078 145 1196 160 —-

244 247 364 286 cer-ta
391 240 606 287 sententia
626 239 825 303 proferri
844 240 1013 302 nequit.
1069 238 1123 285 In
1144 254 1238 288 voc.
1264 239 1503 288 Troezena
1517 236 1736 290 animm·
1812 292 1816 296 4
1865 235 1868 241 ’
1910 221 1922 292 ι,

242 308 363 353 riant
389 310 493 354 libri
530 325 637 355 mss.
676 320 721 356 et
759 312 964 372 plerique
996 313 1211 357 »Troezen
1247 318 1325 356 aut
1354 304 1635 369 Trisememj
1658 307 1732 360 vel

243 379 466 425 Uis-enen
485 381 730 444 'exhibent3
757 397 903 441 neque
918 382 1045 433 *inter
1066 381 1364 446 virosdoctoq
1381 373 1568 430 constat,
1598 376 1730 437 quale

237 457 315 494 aut
341 445 429 495 hoc
454 450 536 494 aut
565 449 741 495 dierum
771 466 886 511 opus
919 450 1071 497 fuerit.
1128 451 1313 497 Notavit
1342 445 1496 494 autem
1517 446 1730 509 Micyllus

237 520 294 563 ad
322 519 451 565 ovid:
480 520 513 564 1.
548 536 605 563 c.:
636 520 727 564 ‘De
752 520 841 564 hoc
868 519 968 564 loco
996 521 1111 566 nihil
1141 521 1248 565 certi
1275 520 1442 573 habeo,
1472 518 1607 578 quod
1627 527 1730 564 sen'-

235 588 367 642 tiam,
395 589 481 641 nisi
500 589 623 646 quod
642 589 798 633 multis
816 589 1073 636 nominibus
1092 599 1321 651 suspectus
1339 588 1453 633 mihi
1472 595 1574 639 esu.-
1609 586 1730 630 Nam

228 658 326 707 ‚sive
353 658 470 716 legas
506 658 752 712 Trisenen,
792 659 915 717 quod
951 661 998 702 in
1027 661 1295 719 quibusdam
1335 658 1528 719 reperiri
1552 655 1729 710 Merula

237 735 393 772 auctor
425 735 510 780 est,
540 727 638 786 ipsa
663 742 756 772 vox
778 727 977 774 „insolens
1017 738 1105 783 est,
1144 736 1187 773 et
1213 744 1360 787 neque
1397 744 1503 774 cum
1533 726 1727 780 Graccis,

234 809 511 853 nequecum
541 796 707 840 Latinis
740 797 998 842 nominibus
1024 800 1127 842 satis
1152 799 1369 843 convenit.
1427 798 1547 841 Cum
1576 804 1729 840 tamen

234 863 466 924 probabile
484 865 561 919 sit,
593 880 715 919 eam,
747 881 885 925 quam
916 875 1072 926 poeta,
1103 868 1157 912 de
1175 882 1267 927 quo
1298 867 1372 910 hic
1395 866 1570 921 dicitur,
1599 881 1726 910 ama-

234 934 319 987 vit,
350 934 562 978 Latinum
589 943 667 979 aut
690 936 912 980 Graecum
941 937 1124 996 aliquod
1153 952 1321 981 nomen
1345 936 1567 980 habuisse.
1626 933 1727 978 Sive

235 1017 341 1047 vero
375 1004 602 1058 Troezen,
633 1013 685 1049 ut
715 1006 769 1049 de
796 1005 1015 1065 poematis
1060 1013 1136 1050 aut
1171 1007 1296 1049 urbis
1313 1030 1316 1033 ⁴
1333 1006 1519 1050 nomine
1555 1002 1724 1047 intelli-

234 1080 389 1131 gatur,
420 1074 552 1117 etiam
573 1074 667 1118 -hoc
696 1074 906 1133 exemplo
938 1082 1068 1118 caret.
1126 1076 1245 1118 Nam
1274 1076 1310 1118 si
1339 1075 1395 1119 de
1424 1089 1561 1134 opere
1587 1072 1725 1119 intel-

233 1141 465 1199 ligendum
494 1142 563 1195 sit,
599 1143 840 1187 Troezenis
862 1142 1096 1185 dicendum
1128 1142 1292 1197 fuerat,
1319 1151 1443 1186 recto
1472 1157 1588 1196 casu,
1615 1156 1725 1201 per-

235 1210 341 1256 inde
371 1218 424 1253 ut
439 1210 718 1265 Amazonis,
747 1211 995 1263 Plcaeacis,
1031 1211 1214 1257 Theseis
1232 1220 1275 1255 et
1303 1211 1475 1256 similia.
1533 1212 1612 1255 Sin
1641 1226 1725 1256 au—

234 1287 329 1323 tem
358 1280 412 1323 de
436 1280 563 1329 loco,
594 1281 860 1325 accusativus
889 1279 1131 1324 Troezena
1157 1280 1341 1326 futurus
1371 1289 1551 1332 erat,-a
1575 1280 1725 1324 Troe-

233 1364 340 1392 zen:
379 1364 474 1393 non
522 1351 726 1396 Troezen
760 1366 785 1393 a
820 1349 1012 1393 Troeze:
1044 1350 1123 1408 qui
1156 1352 1461 1396 nominativus
1498 1365 1724 1409 nusquam

232 1418 396 1477 legitur
426 1419 481 1462 de
507 1435 558 1463 eo
590 1420 715 1475 loco,
757 1432 894 1478 quem
917 1419 1117 1463 Theseus
1148 1422 1388 1479 aliquando
1417 1420 1575 1464 tenuit.
1632 1419 1725 1463 De-

233 1488 337 1530 inde
365 1495 518 1529 autem
554 1496 607 1531 ut
626 1536 635 1541 „
645 1489 825 1541 demus,
865 1488 1083 1530 Sabinum
1121 1497 1307 1549 poetam
1338 1488 1577 1531 Fastorum
1607 1501 1724 1546 opus

233 1566 277 1601 et
306 1556 558 1602 Trozenida
588 1556 734 1616 aliqua
764 1553 844 1615 (Y),
882 1556 970 1601 hoc
1000 1564 1089 1610 est,
1127 1557 1181 1601 de
1207 1557 1343 1601 rebus
1382 1557 1496 1605 circa
1523 1555 1723 1600 Troeze-

231 1642 339 1671 ncm
366 1627 520 1684 gestis,
548 1625 807 1684 imperfecta
828 1626 1081 1683 reliquisse,
1110 1633 1405 1685 praeventum
1425 1632 1576 1668 morte
1602 1623 1723 1667 scili-

231 1689 322 1751 cet,
344 1695 480 1754 -quod
508 1694 789 1738 tamenalibi
817 1695 964 1757 nescio
994 1710 1051 1738 an
1079 1710 1275 1754 usquam
1301 1693 1539 1738 manifesto
1568 1693 1723 1737 trada-

231 1773 331 1809 tur:
363 1764 469 1821 quid
498 1778 671 1806 caussae
701 1763 912 1818 dicemus,
937 1778 1017 1806 cur
1033 1771 1181 1823 poeta,
1211 1779 1318 1807 cum
1348 1764 1401 1807 de
1429 1763 1596 1816 ceteris,
1625 1762 1721 1805 sin-

232 1834 349 1893 gulis
366 1841 544 1877 tantum
560 1832 758 1877 versibus
783 1833 1062 1886 meminerit,
1093 1833 1148 1876 de
1170 1832 1437 1890 quibusdam
1457 1847 1565 1876 vero
1587 1832 1721 1895 etiam

232 1902 418 1961 singulis
449 1901 765 1945 commatibus:
797 1916 943 1959 neque
969 1902 1018 1943 in
1047 1901 1277 1945 cuiusdam
1306 1899 1488 1943 alterius
1515 1915 1722 1943 comme-

231 1970 484 2019 nmratione
512 1969 752 2017 distichum
790 1984 990 2027 egressus
1017 1970 1096 2013 sit:
1134 1969 1189 2012 de
1215 1968 1305 2011 hoc
1333 1975 1486 2011 totum
1522 1967 1722 2012 tetrasti-

232 2041 354 2085 chon
382 2033 747 2099 consumpserit?
795 2037 1018 2097 quiidem
1038 2046 1095 2083 ut
1120 2037 1294 2097 liquido
1323 2036 1490 2091 fatear,
1518 2051 1615 2081 non
1642 2051 1721 2080 so-

231 2111 334 2154 lum
353 2110 587 2167 superiora
613 2106 709 2159 illa,
741 2106 796 2150 de
815 2107 977 2165 quibus
995 2108 1134 2152 modo
1154 2106 1374 2160 diximus,
1404 2106 1481 2149 sed
1497 2113 1542 2149 et
1567 2106 1721 2165 ipsum

230 2178 476 2240 proprium
503 2177 551 2220 in
578 2175 827 2235 posteriore
843 2183 1125 2235 pentametro
1153 2175 1356 2236 positum
1377 2173 1723 2237 propemodum

230 2257 465 2305 tamquam
483 2244 819 2304 supposititium
838 2260 886 2286 ac
901 2244 1098 2288 nothum
1111 2252 1371 2304 suspectum
1391 2243 1548 2287 habeo.
1605 2243 1724 2286 sunt

229 2324 382 2359 tamen
409 2328 617 2366 rursum,
648 2313 726 2371 qui
753 2312 987 2372 repudiato
1016 2321 1222 2373 utroque*
1240 2313 1450 2379 nomine,
1487 2328 1574 2374 pro
1611 2312 1724 2359 Tri-

230 2401 337 2444 sene
364 2384 519 2441 legunt
559 2382 845 2436 Troezoena,
882 2384 1128 2429 accusativo
1158 2398 1262 2427 casu
1298 2399 1324 2426 a
1360 2383 1595 2437 Troezen,
1633 2382 1723 2426 hoc

230 2444 366 2496 titulo
396 2452 487 2495 sive
504 2451 688 2495 nomine
716 2466 832 2511 opus
852 2453 1081 2511 quoddam
1109 2469 1134 2496 a
1152 2452 1316 2496 Sabino
1338 2461 1556 2512 coeptum
1576 2452 1724 2497 fuisse

230 2521 502 2565 sentientes-³
561 2519 686 2563 Libri
714 2537 821 2564 mss.
850 2522 1055 2566 multum
1093 2523 1288 2577 variant,
1327 2530 1373 2566 et
1407 2530 1588 2582 praeter
1624 2520 1722 2566 illas

229 2590 440 2633 lectiones
469 2589 705 2648 praebent:
741 2591 958 2647 Troiam,
993 2594 1163 2638 Troien
1175 2624 1194 2646 ‚,
1224 2594 1455 2645 Troicem,
1494 2592 1728 2642 T1·0izem‚‘

236 2659 469 2706 Traecen.
502 2658 713 2713 Troilen,
758 2660 981 2717 Trom'en,
1026 2662 1266 2714 Trocrem,
1311 2662 1520 2713 Trisam,
1561 2658 1721 2703 crozi-

232 2744 359 2782 men,
385 2728 633 2783 Tame-sen,
664 2728 903 2788 Timeson,
936 2732 1192 2785 Troadem,
1208 2732 1468 2783 ,Tsezenem
1488 2736 1570 2772 etc.
1596 2724 1599 2726 ’
1628 2727 1719 2771 Te·

231 2797 450 2841 merarius
479 2806 628 2855 autem
656 2798 746 2843 fuit
772 2799 1009 2861 Micyllus,
1040 2816 1120 2859 qm
1144 2805 1391 2856 utrumque
1410 2811 1589 2842 versum
1608 2811 1720 2856 spu-
