1928 3186
58 198 65 205 ἲ
113 249 144 297 f
172 251 314 298 quam
343 234 575 315 dixissep
641 268 684 307 ,1,
708 236 852 301 quani
877 233 1027 299 q'uod
1045 236 1185 284 Trist.
1214 236 1304 293 IV,
1333 239 1417 293 10,
1455 238 1530 284 ⁶1.
1567 249 1671 298 sqq
1720 199 1895 255 ''724’OE

173 308 342 353 innuit:

229 373 382 426 Μιὶῖια
396 376 584 440 quidem
598 356 798 440 scripsi·
780 411 796 433 ‚
826 378 910 425 sed
926 394 1043 441 quae
1060 379 1234 426 vitiosa
1247 377 1441 439 putavi,

166 456 168 458 '
286 447 621 499 Emendaturis
641 447 866 508 ignihs
846 465 944 508 ipse
962 448 1082 495 dedi.
1269 463 1272 465 ·

236 519 367 565 Tunc
383 533 566 579 quoque,
589 517 936 579 cumfizgerem,
953 519 1184 580 quaedam
1192 518 1435 579 placitu-ra
1446 512 1679 575 cremavi,

286 588 444 632 Iratus
471 584 637 631 studiis
666 588 1028 649 carminibusque
1051 589 1179 635 meis.

171 658 383 701 Severum
396 655 545 714 igitur
571 656 913 713 castigationem
933 666 978 701 et
1006 673 1238 703 censuram
1256 657 1444 711 indicat,
1474 669 1565 716 qua
1588 655 1667 700 iu-

170 725 331 772 venilia
359 724 579 779 carmina,
610 725 850 786 antequam
879 726 1036 782 edidit,
1065 726 1250 773 limavit.
1317 725 1393 772 Ex
1433 740 1523 786 qua
1558 740 1666 770 cen-

177 811 286 840 sura
315 793 634 854 explicandum
674 804 763 850 est,
800 797 926 856 quod
959 796 1131 841 horum
1161 797 1414 841 carminum
1442 795 1574 840 series
1603 796 1666 839 ita

171 865 425 924 interrupta
453 870 497 907 et
520 863 698 908 turbata
726 872 834 920 est,
844 874 897 911 ut
923 865 1123 928 plurima
1151 873 1274 910 certo
1295 863 1500 928 tempori
1522 872 1567 909 et
1583 880 1665 911 or-

170 934 265 977 dini
293 933 479 977 adscribi
506 928 727 992 nequeant
735 950 749 987 3
780 950 1056 994 quamquam
1091 951 1143 980 ea
1170 950 1267 978 non
1310 950 1385 989 eo,
1422 947 1516 992 quo
1540 949 1665 978 nunc

168 1003 405 1064 leguntur,
434 1002 592 1047 ordine
610 1003 787 1064 scripta
815 1018 907 1047 esse
934 1010 1136 1064 apparet.
1188 1003 1483 1070 Transposita
1509 1008 1617 1048 sunt
1635 1007 1662 1049 a

168 1080 302 1133 poeta
340 1072 497 1116 eodem
531 1072 693 1126 modo,
742 1088 835 1131 quo
871 1072 1113 1127 Horatius,
1160 1066 1394 1130 Virgilius,
1434 1072 1662 1139 Tibullus,

168 1141 429 1201 Propertius
459 1140 621 1210 aliique
646 1141 845 1186 earmina
872 1156 952 1185 sua
974 1139 1084 1196 alio,
1114 1155 1262 1200 quam
1270 1140 1552 1201 scripserant,
1582 1147 1684 1188 or-'

170 1211 272 1255 dine
290 1210 534 1254 ediderunt.
564 1209 651 1254 Sed
658 1210 843 1255 Ov1d1us
860 1218 1088 1270 praeterea
1104 1209 1307 1269 plurima
1324 1211 1521 1254 carmina
1539 1210 1662 1256 dele-
1689 1211 1692 1215 ’

168 1280 246 1332 vit,
273 1287 329 1333 et,
349 1286 403 1322 ut
421 1292 495 1321 ne
492 1278 556 1322 de
580 1279 740 1322 ordine
762 1294 923 1322 eorum
941 1279 1052 1323 certi
1078 1279 1187 1337 quid
1211 1286 1404 1321 statuere
1419 1280 1662 1338 possimus,
1708 1316 1711 1318 a

169 1348 326 1392 effecit.
374 1341 754 1405 Aequiescendum
774 1355 838 1391 est
853 1348 994 1406 igitur
1019 1350 1068 1391 in
1088 1363 1141 1391 eo
1151 1346 1312 1406 ,quod
1332 1347 1522 1391 Amores
1542 1348 1662 1394 intra

167 1432 206 1462 aa
229 1419 504 1463 vies-752.
515 1415 686 1477 vulgati
700 1423 829 1473 sunt,
857 1417 1000 1476 iisque
1021 1415 1295 1476 Tragoediae
1312 1424 1661 1476 praecesserunt.

281 1486 455 1530 Eodem
481 1493 714 1545 tempore,
755 1502 847 1546 quo
878 1487 1062 1531 Ovidius
1090 1488 1249 1530 Artem
1276 1485 1469 1529 Amandi
1501 1501 1659 1531 canere
1686 1495 1691 1499 ”

166 1555 336 1616 coepit,
372 1554 597 1615 Epistolis
627 1570 807 1615 quoque
834 1554 1074 1600 scribendis
1104 1569 1292 1617 operam
1321 1553 1455 1601 dedit.
1502 1554 1659 1601 Refert

166 1628 288 1671 enim
314 1626 470 1668 Amor.
498 1624 565 1676 II,
596 1630 678 1678 18,
708 1629 801 1669 19.:

229 1692 365 1751 Quod
386 1693 503 1744 licet,
531 1700 614 1735 aut
634 1700 759 1735 artes
777 1693 923 1736 teneri
933 1689 1214 1753 profitemur
1230 1690 1423 1736 Amoris
1441 1714 1475 1725 -

278 1762 370 1808 Hei
387 1762 521 1816 milii,
542 1761 809 1821 praeceptis
829 1778 999 1820 urgeor
1013 1763 1112 1820 ipse
1132 1762 1259 1805 meis.
1272 1787 1303 1794 —
1314 1778 1331 1813 ,-

219 1831 335 1885 Aut,
365 1829 484 1890 quod
501 1828 749 1892 Peaelopes
764 1828 916 1873 verbis
934 1828 1162 1873 reddatur
1189 1827 1344 1881 Ulixi,

278 1899 545 1953 Scribimus,
576 1907 657 1949 aut
675 1897 917 1952 lacrimae,
945 1898 1104 1957 Phylli
1122 1898 1312 1952 relicta,
1342 1905 1473 1950 tuas,-

228 1969 363 2028 Quod
382 1968 523 2010 Paris
548 1974 593 2010 et
619 1967 887 2018 Macareus,
916 1973 959 2010 et
977 1966 1101 2025 quod
1119 1965 1241 2008 male
1257 1973 1429 2024 gratus
1447 1965 1594 2011 Iason

280 2036 603 2097 Hleoh‘tique
613 2050 793 2093 parens
811 2033 1169 2093 Iiippoh‘tusque
1190 2033 1371 2092 legant5

227 2107 444 2165 Quodque
468 2112 624 2149 tenens
646 2103 854 2146 strictum
872 2099 1004 2146 Dido
1029 2102 1304 2147 miserabilis
1324 2118 1478 2149 ensem

278 2171 442 2229 Dicat,
471 2179 513 2218 et
528 2170 721 2217 Aeoliae
738 2169 898 2217 Lesbis
920 2171 1073 2217 amica
1093 2172 1237 2232 h‘rae.

166 2245 354 2305 Scripsit
389 2244 526 2302 igitur
554 2256 606 2284 eo
643 2247 872 2299 tempore,
910 2255 1003 2299 quo
1041 2240 1256 2300 pleraque
1282 2242 1510 2287 Amorum
1539 2254 1650 2285 car-

165 2312 502 2362 minaffidudum
543 2310 791 2370 composita
819 2310 895 2354 sed
923 2310 1130 2355 nondum
1159 2311 1306 2355 tribus
1335 2310 1649 2357 voluminibus

164 2384 212 2426 in
230 2383 378 2426 lucem
401 2380 514 2425 edita
531 2379 731 2424 fuerunt.
771 2381 955 2441 Scripsit
976 2382 1109 2424 etiam
1128 2388 1237 2457 post
1261 2380 1534 2439 Tragoedias
1555 2380 1652 2424 edi-

163 2460 255 2504 tas,
285 2465 393 2509 quas
420 2449 644 2492 Amorum
674 2448 914 2494 editionem
934 2450 1216 2509 praecessisse
1234 2449 1445 2495 vidimus.
1492 2448 1649 2493 Annus

166 2527 336 2571 autem,
375 2533 467 2576 quo
504 2516 674 2577 publici
711 2518 821 2562 iuris
849 2518 993 2564 factae
1021 2519 1134 2573 sint,
1174 2519 1371 2563 incertus
1412 2507 1491 2562 est.
1560 2517 1649 2561 Sed

165 2604 237 2631 eas
259 2595 358 2629 ante
378 2601 547 2630 annum
575 2590 676 2631 752.
706 2587 931 2632 absolutas
960 2597 1004 2633 et
1029 2588 1231 2665 vulgatas
1251 2604 1356 2642 esse,
1374 2588 1560 2635 Ovidius
1575 2587 1648 2633 af-

163 2656 316 2701 firmat
346 2656 442 2699 A1t.
472 2656 577 2702 Am.
607 2655 696 2710 III,
725 2659 850 2702 345:

284 2725 379 2771 Vel
396 2726 482 2771 tibi
502 2729 751 2786 composita
771 2735 983 2774 cantetur
1001 2729 1196 2788 epistola
1211 2744 1354 2775 voce:

333 2796 557 2856 Ignotum
578 2797 685 2842 aliis
704 2796 783 2843 ille
800 2798 1000 2842 novavit
1020 2814 1145 2858 opus.

1335 2820 1378 2909 Β,
