1928 3186
157 224 283 271 rium
309 220 481 269 habuit.
537 223 719 268 Poterat
746 221 870 267 enim
896 220 1083 267 Ovidius
1110 220 1161 265 in
1182 220 1373 275 Sabino,
1402 220 1477 266 c'ui
1504 222 1658 267 maxi-

156 308 233 338 me
259 291 493 338 familiaris
519 291 632 346 fuit,
661 291 828 336 diutius
855 290 1043 336 morari.
1098 288 1259 350 Neque
1285 288 1455 335 Sabini
1487 306 1661 337 nomen

158 363 306 408 deesse
332 369 504 423 potest,
532 361 799 422 praesertim
837 375 944 405 cum
971 367 1111 420 poeta
1145 360 1194 404 in
1220 359 1509 419 reliquorum
1542 376 1662 421 poe-

159 439 316 476 tarum
344 430 599 491 aequalium
626 429 887 474 nominibus
915 428 1193 473 recensendis
1220 436 1318 473 tam
1342 427 1528 488 diligens
1555 429 1660 475 lue-

161 501 237 547 rit.
274 547 283 549 ,⁷
291 501 372 545 Sin
399 509 551 545 autem
580 500 669 544 hoc
697 499 922 543 distichon
944 499 1093 545 Ovidii
1119 514 1216 543 non
1244 506 1330 551 est,
1358 498 1480 542 unde
1502 506 1662 543 ortum

162 570 246 623 sit,
271 565 376 613 non‘
399 576 600 630 apparet.
657 568 823 613 Nullus
852 567 967 613 alius
1002 566 1198 629 scriptor
1235 567 1357 612 enim
1385 567 1441 612 de
1477 565 1547 612 his
1577 567 1679 616 Sa-.

163 638 259 682 bini
286 639 525 698 operibus,
555 652 670 697 quae
696 654 956 698 numquam
985 638 1101 681 edita
1127 644 1254 690 sunt,
1287 637 1537 696 quidquam
1564 646 1663 682 tra-

166 706 297 762 didit,
326 723 407 752 nec
435 708 622 753 seriores
644 706 925 762 habuerunt,
954 722 1036 751 cur
1065 714 1110 751 et
1136 705 1258 751 unde
1283 705 1369 751 hos
1385 722 1540 752 versus
1569 707 1664 753 fin·-

166 785 334 836 gerent.
391 778 539 824 Locus
568 778 707 836 igitur
734 777 856 821 haud
886 777 1022 822 dubie
1051 782 1299 835 corruptus
1327 777 1404 820 sed
1425 792 1521 821 non
1549 792 1664 837 spu-

164 845 261 888 rius
280 853 357 889 est.
404 846 528 902 Quid
552 845 867 907 reponendum
895 845 964 899 sit,
985 859 1081 887 non
1101 843 1260 902 liquet.
1316 844 1541 890 Miillerus
1570 847 1604 890 l.
1626 862 1665 890 c·

164 928 214 972 p.
241 917 316 958 63.
351 915 589 959 lectionem
631 914 828 959 Troiam
863 914 1103 973 praetulit,
1140 920 1185 955 et
1220 912 1441 957 Sabinum
1482 930 1665 959 carmen

166 980 222 1025 de
253 981 369 1027 bello
399 984 599 1029 Troiano
636 982 867 1029 inchoasse
903 983 1155 1044 suspicatus
1186 989 1264 1026 est.
1331 982 1418 1027 Sed
1455 991 1521 1027 est
1555 983 1667 1029 haec

166 1047 298 1096 lectio
326 1051 526 1109 facilior,
557 1069 697 1113 quam
726 1067 844 1111 quae
870 1060 941 1096 tot
968 1051 1237 1111 corruptelis
1263 1052 1421 1097 locum
1440 1053 1546 1098 dare
1573 1070 1666 1114 po-

165 1120 316 1165 tuerit.
374 1122 545 1168 Contra
560 1124 777 1168 Bimanus
809 1129 852 1165 et
881 1121 1112 1181 Crispinus
1140 1122 1392 1181 tragoediae
1417 1138 1588 1168 nomen
1616 1124 1666 1167 in

168 1185 240 1231 his
266 1187 405 1235 latere
431 1200 722 1252 putaverunt.
781 1191 870 1235 Alii
910 1191 964 1234 de
993 1190 1264 1235 carminibus
1301 1191 1518 1250 elegiacis,
1558 1194 1667 1252 qui-

174 1255 257 1301 bus
285 1259 462 1318 puellae
492 1252 675 1305 amores
698 1260 925 1314 cecinerit,
955 1260 1223 1318 cogitarunt.
1292 1261 1461 1305 Contra
1491 1263 1668 1322 Crispi-

171 1339 259 1369 nus
288 1329 490 1372 monuit:
521 1328 872 1388 ‘imperfectum
900 1325 1130 1387 reliquisse
1163 1327 1380 1373 Sabinum
1407 1331 1501 1377 fato
1531 1348 1668 1393 prae-

173 1402 365 1440 ventum
403 1404 594 1441 testatur
620 1398 762 1442 Naso:
800 1397 875 1442 Ex
917 1413 1009 1457 quo
1049 1396 1216 1453 aliquid
1251 1398 1398 1443 maius
1433 1415 1526 1445 esse
1564 1402 1667 1445 satis

175 1462 476 1524 intelligitur?
531 1466 679 1525 Atque
718 1468 756 1511 si
790 1466 999 1511 carminis
1040 1480 1211 1510 nomen
1241 1466 1370 1522 latet,
1416 1470 1573 1529 utique
1612 1471 1668 1515 de

176 1535 376 1579 carmine
405 1534 530 1596 epico
561 1535 701 1580 aliove
724 1535 910 1578 maioris
939 1534 1132 1578 ambitus
1163 1535 1450 1593 cogitandum
1479 1554 1570 1583 esse
1596 1540 1668 1583 vi-

176 1599 324 1646 detur.
381 1604 472 1648 Sed
502 1604 703 1647 additum
725 1619 983 1665 pronomen
1010 1618 1146 1647 suam
1169 1619 1246 1648 me
1271 1596 1471 1662 adducit,
1501 1616 1553 1652 ut
1568 1624 1669 1653 cre-

177 1668 307 1725 dam,
336 1679 522 1731 poetam
549 1672 638 1716 hoc
665 1673 883 1718 vocabulo
913 1673 1064 1717 Sabini
1102 1673 1292 1718 amicam
1318 1675 1552 1732 indicasse,
1594 1679 1669 1723 cui

175 1738 251 1782 ille
279 1740 528 1785 immatura
546 1749 697 1785 morte
718 1749 895 1800 ereptus
916 1742 987 1785 sit.
1047 1741 1209 1785 Sensus
1230 1751 1381 1789 autem
1405 1754 1538 1791 esset:
1570 1747 1670 1792 ‘Sa-

176 1806 311 1852 binus
341 1809 473 1853 celeri
500 1818 650 1854 morte
679 1817 724 1854 et
752 1812 943 1854 amicam
983 1826 1112 1854 suam
1142 1819 1185 1855 et
1224 1828 1342 1872 opus
1371 1815 1548 1859 dierum
1575 1817 1670 1860 im-

175 1876 432 1936 perfectum
462 1878 684 1922 deseruit.'
730 1879 908 1921 Lubens
936 1879 1073 1936 igitur
1095 1880 1345 1926 accederem
1365 1883 1548 1928 Heinsio
1572 1885 1671 1946 117-

177 1946 328 1991 melen
358 1948 620 2007 corrigenti,
650 1947 735 1991 nisi
765 1946 852 1991 hoc
880 1962 1051 1991 nomen
1089 1963 1115 1991 a
1144 1950 1348 1995 codicum
1376 1952 1565 1998 lectione
1594 1956 1671 1999 ni-

177 2016 265 2059 mis
306 2008 560 2060 discederet.
636 2016 818 2059 Puellae
860 2023 1013 2059 tamen
1058 2031 1227 2061 nomen
1271 2019 1408 2066 latere
1451 2024 1671 2083 suspicor.

175 2084 378 2131 Dim-um
406 2103 543 2146 opus,
582 2085 707 2144 quod
744 2092 878 2145 poeta
916 2085 1167 2145 subiungit,
1201 2087 1273 2132 vel
1298 2088 1479 2149 fastos,
1519 2093 1671 2150 quales

180 2155 365 2200 Ovidius
393 2157 491 2215 ipse
518 2155 723 2214 scripsit,
751 2154 823 2199 vel
841 2169 1018 2198 carmen
1032 2156 1309 2215 georgicon,
1339 2160 1469 2217 quale
1487 2161 1672 2205 Hesiodi

180 2220 367 2280 ἡμέραι,
399 2226 769 2283 interpretantur.
828 2223 943 2267 Mihi
961 2225 1184 2282 posterius
1212 2226 1550 2287 intelligendum
1579 2246 1672 2275 esse

181 2291 385 2344 videtur3
416 2308 695 2351 quamquam
723 2307 820 2336 non
842 2290 1042 2335 multum
1063 2299 1334 2353 repugnem,
1365 2299 1402 2341 si
1431 2300 1530 2357 quis
1559 2316 1672 2344 con-

182 2361 380 2403 trarium
417 2362 702 2404 intellexerit.
782 2361 946 2403 Omnia
990 2362 1109 2404 enim
1148 2363 1196 2405 in
1238 2364 1308 2408 his
1342 2367 1511 2411 incerta
1548 2376 1669 2413 sunt.

181 2429 404 2473 Certiores
434 2436 591 2474 sumus
619 2430 672 2475 de
686 2429 916 2490 Epistohs,
946 2444 1055 2487 quas
1079 2431 1262 2476 Ovidius
1291 2436 1447 2495 priore
1480 2422 1669 2482 disticho

178 2499 328 2542 innuit
357 2507 401 2544 et
426 2500 656 2544 Amorum
678 2500 780 2543 loco
810 2500 884 2544 cit.
913 2498 1045 2542 latius
1073 2500 1313 2561 descripsit.
1374 2506 1671 2552 Commemo-

178 2569 294 2613 ravit
323 2576 476 2613 autem
504 2584 586 2613 sex
612 2568 860 2629 EpistolaS,
889 2568 1039 2613 Ulixis
1068 2568 1124 2612 ad
1141 2570 1405 2632 Penelopen,
1430 2576 1673 2638 Hippolyti

180 2637 235 2680 ad
275 2638 571 2692 Phaedram,
605 2638 776 2682 Aeneae
821 2638 877 2681 ad
921 2636 1165 2693 Didonem,
1213 2641 1575 2704 Demophoontis
1614 2648 1673 2690 ad

181 2705 459 2765 Phyllidem,
486 2707 655 2753 Iasonis
684 2707 739 2754 ad
760 2705 1050 2769 Hypsipylen
1092 2715 1137 2752 et
1166 2708 1358 2757 Phaonis
1379 2714 1435 2759 ad
1454 2714 1672 2776 Sappho-
