1928 3186
764 142 1168 186 *R—

218 269 326 298 nem
355 247 425 313 ¹).
479 254 627 307 Nemo
670 263 823 301 autem
876 255 1081 317 putabit,
1125 255 1346 300 Sabinum
1393 270 1465 300 eas
1508 261 1708 309 tantum,

218 338 330 383 quas
366 323 550 370 Ovidius
588 321 983 382 commemoravit,
1018 324 1244 385 Epistolas
1281 325 1525 386 scripsisse.
1590 324 1711 369 Nam

219 394 310 438 sive
342 394 422 437 illo
459 402 691 454 tempore,
728 409 821 452 quo
856 395 979 440 haec
998 394 1135 453 elegia
1172 395 1231 449 ad·
1255 395 1465 454 Macrum
1501 394 1617 440 data·
1630 401 1712 447 est,

219 479 372 510 revera
387 463 575 509 Sabinus
604 478 674 507 eas
702 471 895 520 tantum,
923 479 1037 524 quae
1064 464 1270 518 citantur,
1288 462 1514 524 Epistolas
1532 464 1713 524 scripsit

219 542 264 576 et
289 542 445 592 postea
471 533 627 592 plures
664 533 853 588 addidit,
892 535 982 579 sive
1009 535 1196 589 Ovidius
1235 549 1342 577 cum
1380 548 1570 577 suarum
1605 541 1712 594 tum

219 602 371 645 Sabini
398 601 712 661 Epistolarum
726 638 729 641 .
742 602 982 646 nonnullas
1013 611 1202 656 tantum,
1230 610 1285 646 ut
1312 615 1453 661 genus
1480 602 1713 646 indicaret,

220 671 520 723 enumeravit,
558 671 714 729 plures
742 670 895 714 Sabini
923 672 1139 715 exstitisse
1167 671 1237 715 vel
1264 670 1433 713 Paridis
1461 671 1719 731 responsio,
1758 706 1763 710 .

220 755 336 798 quae
363 747 569 783 nostram
598 748 785 785 aetatem
811 740 938 795 tulit,
974 741 1076 784 satis
1106 740 1360 784 confirmat.
1416 740 1566 798 Atque
1592 756 1713 800 pro-

220 809 295 851 cul
325 808 464 852 dubio
494 808 682 852 Sabinus
713 810 921 853 omnibus
950 809 1185 868 Epistolis,
1233 824 1342 867 quas
1384 808 1571 862 Ovidius
1600 816 1712 852 tunc

220 878 421 937 scripsit,
468 878 714 936 respondit.
793 870 1063 937 Composuit
1101 885 1252 921 autem
1291 877 1451 920 eodem
1487 885 1712 936 tempore,

221 962 314 1005 quo
347 946 530 991 Ovidius
558 945 664 989 huic
696 947 948 990 carminum
976 945 1129 1005 generi
1159 961 1346 1005 operam
1371 945 1516 1000 dedit,
1547 956 1591 988 et
1619 944 1716 988 sine

219 1016 361 1060 dubio
400 1014 595 1074 singulas
633 1015 699 1058 illi
727 1016 869 1059 misit:
916 1032 1055 1075 quare
1091 1015 1330 1073 utriusque
1365 1013 1590 1073 Epistolas
1627 1014 1715 1058 nisi

217 1099 313 1127 uno
341 1083 573 1129 volumine
602 1092 718 1127 certe
747 1100 841 1128 uno
870 1092 1077 1145 tempore
1123 1085 1258 1128 editas
1288 1091 1390 1128 esse·
1409 1098 1508 1126 11οΠ
1544 1090 1715 1127 temere

219 1154 479 1213 suspiceres.
507 1152 632 1196 Inter
653 1168 793 1196 annos
802 1158 1061 1198 nat—75⁰.
1073 1153 1209 1210 igitur
1226 1152 1415 1203 Sabinus
1431 1151 1480 1194 in
1501 1149 1617 1195 flore
1636 1167 1690 1195 ae
1707 1166 1717 1188 ἡ

217 1223 322 1265 tatis
349 1221 461 1274 fuit,
492 1229 536 1264 et
559 1221 927 1280 responsionibus
956 1223 1047 1265 suis
1064 1221 1196 1263 unice
1216 1227 1458 1279 occupatus
1487 1228 1596 1278 post
1623 1220 1716 1264 hoc

217 1298 399 1349 tempus
429 1290 616 1333 demum
645 1289 993 1349 aliapoemata,
1022 1291 1114 1334 sive
1141 1289 1233 1331 duo
1263 1289 1354 1332 sive
1371 1304 1543 1342 unum,
1574 1304 1716 1333 exor-

218 1375 294 1403 sus
324 1367 405 1403 est.
461 1360 609 1417 Atque
638 1373 744 1401 eum
772 1367 891 1402 certe
917 1357 1163 1402 nonnullos
1195 1373 1337 1400 annos
1354 1365 1462 1418 post
1489 1358 1716 1417 Epistolas

219 1429 354 1472 editas
383 1428 528 1471 adhuc
555 1428 604 1470 111
632 1428 744 1471 vivis
768 1427 933 1481 fuisse,
972 1442 1091 1470 nova
1119 1428 1338 1478 carmina,
1380 1441 1498 1485 quae
1532 1442 1716 1485 aggres-

218 1512 294 1539 sus
324 1504 409 1549 est,
440 1496 614 1540 docent.
664 1496 781 1550 'Quo
817 1512 935 1540 anno
973 1497 1092 1540 diem
1120 1509 1393 1554 supremum
1432 1496 1596 1539 obierit
1630 1510 1717 1539 ne-

219 1566 407 1617 scimus3
446 1564 524 1607 sed
562 1565 609 1607 id
656 1572 756 1607 ante
788 1565 907 1607 Artis
943 1563 1138 1608 Amandi
1177 1563 1419 1607 editionem
1457 1572 1502 1607 et
1540 1579 1727 1609 annum-

217 1637 318 1678 753.
345 1648 441 1676 non
469 1632 642 1676 factum
671 1648 764 1677 esse
786 1634 986 1677 maxime
1004 1632 1237 1693 probabile
1266 1641 1345 1677 est.
1404 1632 1533 1677 Idem
1560 1641 1741 1678 tamen‘

218 1711 322 1745 ante
349 1702 495 1746 Ovidii
521 1701 838 1759 relegationem
875 1700 934 1759 (a.
962 1716 1011 1744 u.
1043 1717 1079 1744 c.
1106 1702 1229 1760 762.)
1267 1710 1479 1746 mortuus
1517 1718 1609 1746 esse
1638 1704 1714 1747 vi-

219 1770 371 1823 detur,
403 1770 601 1829 alioquin
623 1770 698 1813 isse
721 1771 976 1814 amicissimi
995 1771 1080 1815 viri
1100 1771 1482 1831 mortem'procul
1500 1771 1639 1815 dubio
1663 1772 1713 1816 111

218 1840 441 1885 Tristium
473 1847 551 1882 aut
576 1840 866 1882 Ponticarum
893 1839 1202 1898 Epistolarum
1229 1839 1354 1883 libris
1383 1840 1643 1895 deflevisset.

335 1942 485 1986 Sabini
512 1941 823 2002 Epistolarum
857 1956 964 1988 vero
989 1958 1086 1986 non
1106 1958 1188 2003 ea,
1228 1957 1342 2001 quae
1370 1944 1712 2000 ovidianarum,

218 2011 308 2055 suit
334 2010 534 2054 fortuna.
590 2011 829 2069 Pleraeque
858 2008 979 2053 enim
1000 2010 1250 2070 deperditae
1278 2021 1408 2067 sunt,
1437 2020 1482 2056 et
1504 2021 1715 2058 nostram.

219 2074 408 2142 aetatem
436 2073 527 2124 tres
555 2071 735 2123 tantum*
761 2079 981 2124 viderunt.
1041 2080 1168 2134 Quae
1194 2088 1349 2125 tamen
1371 2089 1555 2138 restant,
1582 2083 1712 2128 viro-

218 2166 329 2194 rum
359 2149 600 2193 doctorum
629 2143 958 2207 suspicionibus
987 2156 1031 2191 et
1059 2147 1410 2194 dubitationibus
1437 2152 1500 2194 ita
1525 2160 1713 2196 vexatae

219 2225 350 2272 sunt,
382 2224 435 2261 ut
451 2218 607 2261 mirari
626 2217 777 2271 liceat,
807 2216 930 2275 quod
950 2217 1100 2261 Sabini
1124 2231 1295 2262 nomen
1315 2219 1461 2264 adhuc
1488 2220 1714 2266 infr-onte

219 2293 387 2345 gerant.
446 2285 626 2329 Etenim
662 2285 756 2328 iam
794 2300 820 2339 a
847 2285 1022 2329 saeculo
1065 2286 1239 2331 decimo
1284 2295 1412 2332 sexto
1448 2305 1494 2349 p.
1524 2288 1633 2334 Chr.
1662 2282 1713 2335 n.

217 2355 399 2396 ineunte
426 2353 604 2412 spuriae
632 2360 675 2394 et
703 2352 867 2395 Sabino
906 2353 1111 2412 indignae
1136 2356 1315 2400 habitae
1351 2365 1473 2401 sunt.
1531 2359 1714 2418 Agmim'

218 2421 408 2486 praeivit
437 2420 578 2466 Aldus
606 2420 864 2478 Manutius,
910 2423 991 2484 qui
1023 2414 1073 2468 in
1109 2424 1213 2471 edit.
1249 2428 1379 2473 15⁰2.
1417 2435 1526 2490 post
1563 2426 1711 2476 Ovidii

331 2587 375 2639 1)
395 2587 506 2642 ⁴Made
537 2588 626 2626 Ger.
641 2626 644 2629 ,
657 2589 689 2626 1.
716 2589 868 2627 Vossius
893 2591 941 2629 (lc
961 2595 1077 2639 poett.
1105 2593 1188 2633 Lat.
1208 2607 1246 2642 p.
1263 2594 1325 2633 33.
1346 2607 1393 2633 ex
1412 2594 1536 2632 verbis
1561 2595 1623 2633 det
1638 2607 1705 2632 υο-

218 2648 294 2682 tam
307 2646 446 2682 Phoebo
468 2647 588 2683 Lesbis
610 2653 732 2684 amata
754 2650 867 2695 lyram
888 2651 1056 2699 collegit,
1085 2647 1267 2695 Sabinum
1294 2654 1467 2699 Sapphus
1496 2652 1705 2700 Epistulam

218 2703 416 2749 scripsisse.
472 2704 592 2741 Poeta
616 2705 657 2740 111
674 2706 855 2743 Amorum
873 2706 959 2751 loco
981 2720 1086 2744 suam
1106 2710 1314 2756 Epistulam
1331 2710 1406 2753 XV,
1425 2709 1506 2745 181.
1527 2709 1702 2756 respexit,

170 2809 174 2812 ι
219 2766 259 2798 et
278 2759 484 2797 Franckius
504 2761 740 2799 ixrAddendis
761 2765 809 2799 ad
829 2764 1018 2803 Gallinam
1039 2768 1099 2805 det
1122 2772 1224 2805 recte
1241 2767 1506 2815 interpretatus
1523 2770 1600 2803 θὸῐῖ
1628 2767 1699 2803 38⁸⁶·

217 2832 287 2868 quo
305 2819 476 2858 amatoris
493 2832 656 2869 responso
674 2826 826 2872 cogatur
844 2824 943 2863 dore.
