1928 3186
747 132 1150 177 ......10).....-

199 264 354 303 cram,
395 246 617 293 maiorem
658 253 792 299 natu,
839 242 1026 293 ovidius
1053 229 1205 289 Trist.
1241 221 1322 287 lib.
1360 239 1451 299 lv,
1492 247 1576 300 1⁰,
1622 248 1696 293 48.

200 317 466 445 lafid‘gaepe
484 400 593 429 suae
609 336 816 428 volucres
837 381 953 443 legit
970 378 1342 441 milzigrandior
1362 397 1505 436 aeva,

377 456 591 515 Quaeque
608 461 736 499 necet
755 468 964 513 serpens,
984 468 1102 513 quae
1122 451 1247 496 iuvet
1263 449 1422 509 herba,
1441 451 1617 515 ,Macen

199 535 281 581 Est
307 534 405 591 hic,
441 535 521 594 qui
547 534 762 578 Aemilius
785 532 938 578 Macer
966 533 1130 578 citatur
1158 548 1184 576 a
1213 532 1544 589 Grammaticis,
1574 542 1619 578 et
1640 534 1697 578 de

200 604 357 649 avibus
386 612 429 649 et
456 603 762 663 serpentibus),
801 611 846 647 et
872 602 1120 647 herbarum
1148 602 1392 648 virtutibus
1424 603 1602 665 scripsit
1636 602 1695 663 ⁵).

200 675 505 718 veronensem
534 680 578 717 et
606 673 804 716 amicum
824 672 1004 729 Virgilii
1021 680 1151 716 vocat
1171 672 1351 717 Servius
1370 673 1427 717 ad
1450 672 1544 716 Ecl.
1557 670 1618 716 V.
1632 672 1692 730 ⁶).

201 742 353 798 Quem
390 742 622 787 diversum
649 757 676 785 a
703 740 858 785 Macro
898 739 1035 785 Iliaco
1066 755 1214 800 quum
1249 741 1427 786 dudum
1452 741 1610 786 Douza
1646 741 1695 784 in

200 812 387 856 Annott.
417 811 472 855 ad
500 811 626 856 ovid.
656 811 760 854 Am.
789 810 858 865 ΙΙ,
888 815 970 864 18,
1000 815 1044 855 1.
1084 818 1130 854 et
1155 810 1363 854 Heinsius
1382 811 1438 854 ad
1461 811 1594 854 Pont.
1615 809 1693 864 IV,

203 884 285 932 16,
317 884 362 924 6.
400 879 782 945 pronuntiaverit,
821 879 969 923 miror
1007 878 1280 937 admodum,
1317 878 1694 936 Brouckhusium

203 948 258 994 ad
273 948 444 995 Tibull.
471 948 538 1004 H,
567 954 620 1003 6,
649 953 692 995 1.
728 963 825 993 non
843 949 1074 1007 agnovisse
1099 956 1145 993 et
1165 948 1264 993 Nic.
1282 947 1530 993 Funccium
1547 947 1603 991 de
1624 946 1695 992 vi-

202 1087 411 1136 louginqua
438 1088 554 1126 fuisse
575 1091 615 1127 et
641 1092 733 1128 tunc
750 1088 931 1137 temporis
959 1092 1106 1129 tantum
1123 1088 1251 1138 parari
1271 1093 1405 1137 coepta
1430 1101 1513 1127 esse
1531 1089 1692 1126 videtur.

204 1146 346 1185 Scribit
362 1147 463 1183 enim
479 1159 534 1183 vs.
553 1146 590 1182 3.
602 1159 614 1183 2

433 1203 502 1250 Et,
530 1217 592 1241 seu
610 1205 723 1254 longa
741 1205 857 1242 virum
873 1210 990 1243 terrae
1007 1206 1072 1243 via
1090 1217 1154 1243 eeu
1170 1217 1270 1253 vaga
1289 1206 1415 1243 ducent

498 1266 688 1310 Aequora,
716 1277 794 1300 cum
812 1265 891 1301 telis
911 1266 962 1301 ad
980 1266 1072 1301 latus
1090 1265 1146 1301 ire
1163 1266 1268 1300 volet.

132 1339 134 1342 ·
208 1329 339 1376 Quare
366 1329 556 1377 Spohnius
582 1332 685 1367 haud
706 1332 820 1368 dubie
848 1336 951 1369 recte
973 1331 1150 1379 cogitavit
1168 1332 1215 1367 de
1246 1330 1480 1378 expeditione
1505 1328 1696 1373 Parthica,

207 1394 324 1435 quam
338 1387 531 1437 Augustus
558 1391 648 1426 tunc
668 1389 840 1438 suscepit.
895 1391 933 1428 Is
953 1390 1053 1435 enim
1073 1394 1159 1439 post
1178 1402 1317 1427 annum
1335 1389 1419 1426 732.
1437 1390 1623 1433 medium,
1650 1392 1696 1425 ut

209 1457 340 1482 omnes
360 1447 408 1481 ad
436 1446 585 1493 Syriam
616 1459 735 1493 usque
761 1447 974 1494 provincias
1002 1447 1212 1491 ordinaret,
1239 1447 1280 1483 in
1300 1437 1468 1484 Siciliam
1491 1447 1695 1493 profectus,

209 1509 308 1540 anno
328 1502 412 1539 733.
444 1507 624 1552 vergente
653 1516 730 1542 una
761 1517 847 1542 cum
879 1503 1036 1542 Tiberio
1059 1504 1209 1542 Nerone
1238 1504 1279 1541 in
1309 1504 1508 1542 Graeciam
1535 1504 1693 1541 traiecit.

208 1561 341 1598 Rebus
371 1561 427 1597 ibi
450 1562 663 1598 ordinatis'
648 1575 689 1598 ιιι
720 1564 834 1600 Samo
855 1563 1117 1606 hiemaverunt
1137 1567 1176 1599 et
1194 1562 1277 1599 734.
1306 1563 1346 1599 ἰιι
1372 1564 1499 1599 Asiam
1518 1574 1696 1608 perrexe-

207 1622 310 1655 runt.
365 1618 530 1655 Comites
551 1631 636 1655 cum
652 1619 700 1656 iis
718 1620 891 1657 abierunt
909 1620 1034 1656 Julius
1053 1620 1214 1664 Florus,
1243 1620 1395 1664 Celsus,
1424 1620 1549 1656 Titius
1571 1618 1696 1665 Septi-

208 1676 308 1712 mius
331 1680 370 1713 et
390 1676 458 1712 alii
480 1672 569 1726 [vid.
590 1678 724 1714 Horat.
752 1678 870 1725 Epist.
892 1677 939 1721 1,
966 1677 1003 1713 3.
1022 1681 1062 1713 et
1080 1678 1274 1714 Weichert
1304 1677 1352 1713 de
1383 1677 1487 1713 Titio
1511 1676 1695 1723 Septimio

207 1736 322 1780 poeta
349 1745 388 1780 p.
407 1729 495 1783 3.],
523 1734 659 1780 quibus
689 1735 802 1772 etiam
831 1736 1003 1771 Macrum
1025 1734 1238 1771 interfuisse
1270 1734 1459 1782 Spohnius
1490 1734 1696 1781 suspicatus

210 1794 278 1827 est.
334 1791 426 1827 Fuit
446 1795 573 1827 autem
593 1792 723 1829 Macer
742 1797 831 1829 tuuc
849 1793 994 1829 iuvenis
1015 1792 1163 1829 circiter
1193 1792 1471 1839 duodetriginta
1501 1804 1697 1835 annorum,

209 1848 313 1894 quod
330 1860 464 1885 aevum
482 1852 522 1885 et
538 1850 689 1887 militiae
709 1854 747 1887 et
766 1856 885 1887 tenero
903 1851 1047 1894 Amori,
1077 1862 1152 1896 quo
1174 1853 1302 1896 captus
1323 1853 1425 1893 erat,
1445 1849 1584 1896 optime
1607 1861 1696 1884 cou-

210 1905 324 1942 venit.
378 1906 505 1943 Possis
534 1907 649 1944 etiam
675 1920 722 1944 ex
749 1908 856 1945 Ovid.
885 1909 1015 1945 Amor.
1033 1909 1093 1952 11,
1120 1908 1191 1953 18,
1217 1908 1278 1945 39.
1308 1909 1586 1952 demonstrare,
1613 1908 1699 1942 Ma-

213 1975 318 1999 crum
338 1964 385 1999 ab
413 1975 541 2001 amore
569 1977 646 2002 non
672 1966 837 2002 alienum
855 1966 993 2010 fuisse3
1023 1978 1249 2012 quamquam
1267 1966 1378 2009 inde,
1407 1965 1574 2001 eiusdem
1593 1976 1699 2000 amo-

213 2032 274 2056 res
295 2032 319 2056 a
337 2021 493 2057 Tibullo
511 2021 636 2067 innui,
663 2035 739 2059 non
757 2024 935 2071 sequitur.
991 2024 1061 2059 Vix
1081 2029 1208 2061 autem
1229 2024 1408 2059 Tibullus
1438 2022 1494 2060 ibi
1511 2022 1700 2060 intellexit

214 2078 415 2115 Aemilium
429 2079 622 2124 Macrum,
650 2081 697 2116 de
719 2093 793 2127 quo
814 2082 881 2118 alii
898 2081 1122 2129 cogitarunt.
1149 2081 1236 2117 vide
1256 2081 1343 2117 Not.
1362 2080 1423 2116 1⁰.

329 2155 375 2206 5)
400 2158 608 2195 Lemnii-ius
629 2161 675 2197 ad
696 2161 802 2198 Ovid.
833 2163 861 2198 l.
890 2174 922 2199 c.
944 2162 991 2198 de
1010 2174 1087 2199 uno
1108 2160 1230 2198 Macri
1256 2159 1419 2198 carmine
1438 2159 1622 2208 cogitasse
1641 2158 1698 2195 vi-

219 2214 341 2251 detur.
397 2216 534 2252 Scribit
552 2217 671 2253 enim:
698 2219 900 2255 ‘Aemilius
921 2221 1049 2255 Macer
1073 2220 1230 2263 herbas,
1259 2221 1447 2266 serpentes
1470 2222 1509 2253 et
1527 2218 1700 2253 volucres

222 2272 386 2308 carmine
404 2274 617 2322 complexus
640 2275 730 2312 est.’
770 2277 845 2312 Sed
862 2276 1094 2325 grammatici
1104 2277 1176 2313 tria
1186 2276 1372 2322 carmina,
1400 2276 1698 2323 ornithogoniang

224 2340 375 2365 carmen
395 2331 439 2366 de
458 2331 571 2367 herbis
592 2336 631 2367 et
644 2333 803 2369 theriaca
822 2346 889 2369 seu
905 2336 950 2370 de
969 2336 1179 2371 animalibus
1198 2336 1378 2371 venenatis
1395 2336 1699 2379 commemorant.

225 2386 414 2433 Gyraldus
434 2387 545 2422 etiam
564 2390 791 2437 theogeniam
808 2403 854 2426 ex
873 2391 992 2427 Nonio
1009 2393 1191 2429 Marcello
1209 2392 1334 2437 addit,
1360 2392 1463 2427 haud
1481 2391 1593 2427 dubie
1611 2401 1700 2426 usus

226 2446 403 2489 corrupto
424 2445 648 2491 exemplari,
684 2448 724 2483 in
750 2460 824 2493 quo
855 2450 1048 2496 theogonia
1077 2462 1146 2496 pro
1179 2450 1430 2497 omithogonia
1457 2449 1594 2495 scripta
1613 2448 1699 2484 fuit.

224 2501 398 2540 Eundem
415 2501 584 2536 Macrum
602 2505 735 2548 procul
752 2504 865 2540 dubio
885 2505 1006 2540 innuit
1027 2506 1295 2552 Quinctiliauus
1313 2508 1366 2551 X,
1393 2506 1429 2542 1.
1441 2532 1454 2550 ,
1480 2506 1522 2542 ἰιι
1549 2518 1624 2552 quo
1643 2510 1700 2542 ta-

226 2569 315 2594 men
334 2558 421 2594 loco
441 2558 488 2594 de
506 2558 649 2607 scriptis
668 2560 748 2597 eius
766 2562 861 2598 nihil
885 2563 1053 2599 traditur.
1110 2565 1309 2606 Caeterum
1337 2576 1485 2601 carmen
1504 2565 1550 2600 de
1568 2565 1702 2600 viribus

226 2617 435 2659 herbarum,
462 2618 564 2662 quod
582 2631 682 2654 nunc
698 2619 849 2654 Aemilii
866 2620 986 2655 Macri
1004 2620 1153 2656 nomine
1171 2622 1452 2666 circumfertur,
1477 2622 1586 2670 longi
1602 2621 1699 2657 infe-

227 2673 338 2710 rioris
359 2673 537 2720 temporis
558 2687 660 2720 esse,
688 2675 759 2712 viri
779 2675 880 2714 docti
899 2677 1040 2713 dudum
1061 2679 1277 2725 probarunt.

339 2759 384 2806 6)
412 2759 565 2796 Servius
583 2757 683 2793 enim
700 2757 741 2793 in
759 2757 829 2793 illa
845 2757 991 2806 Ecloga
1009 2759 1079 2795 snb
1098 2759 1221 2808 Mopsi
1240 2759 1389 2797 nomine
1398 2760 1600 2798 Aemilium
1619 2760 1703 2795 Ma-

229 2824 334 2855 crum
349 2819 469 2855 latere
484 2815 640 2865 putavit.
668 2815 743 2853 vid.
762 2814 818 2853 ibi
837 2815 939 2853 Voss.
