1928 3186
745 144 1144 189 *γι-

169 286 173 290 -
195 253 379 310 dicunt,
407 269 514 302 aevo
542 254 666 302 fictas
696 272 807 316 esse,
834 258 1056 304 sermonis
1087 257 1316 319 elegantia,
1346 258 1688 319 qualiscumque

194 331 284 377 est,
313 326 416 369 satis
448 328 735 387 comprobat.
793 330 1024 373 Prioribus
1054 337 1205 374 autem
1232 329 1517 389 temporibus
1536 328 1688 371 Sabini

192 391 424 451 Epistolae
450 394 574 439 haud
605 396 740 440 dubie
767 397 1118 458 superfuerunt,
1146 404 1200 440 ut
1227 412 1286 441 ne
1313 412 1456 442 novae
1490 404 1536 441 et
1573 410 1688 457 spu-

192 462 284 523 riae
312 463 398 509 illis
426 466 629 525 supponi
645 474 861 527 possent.>
899 467 1076 512 Accedit
1104 467 1230 526 quod
1249 467 1433 512 Ovidius
1451 483 1547 511 non
1573 466 1689 510 tanti

193 547 220 576 a
246 532 462 577 Romanis
490 534 744 579 aestimatus
774 543 861 590 est,
891 529 1028 596 quem
1056 538 1105 580 in
1133 537 1309 598 scriptis
1337 538 1430 580 suis
1459 537 1687 584 imitaren-

193 609 285 656 tur,
316 598 476 662 cuique
503 619 623 650 nova
652 606 852 649 carmina
880 608 1203 667 supponerent.
1263 607 1390 660 Quae
1419 607 1541 651 enim
1570 620 1688 665 spu-
1733 614 1736 616 “

192 671 262 714 ria
290 671 373 715 sub
402 672 538 717 huius
556 676 742 718 nomine
764 674 1170 730 circumferuntur,
1200 675 1334 735 longe
1360 675 1588 721 inferioris
1618 690 1686 718 ae-

192 739 238 783 vi
267 747 386 783 sunt.
444 741 492 786 Si
520 758 627 787 vero
657 744 851 788 Romani
888 744 943 787 ab
987 744 1134 788 Ovidii
1171 744 1421 789 imitatione
1458 761 1505 789 se
1548 744 1688 788 absti-

192 819 415 864 nuerunt,
444 810 493 853 in
527 812 715 866 Sabino,
746 813 825 872 qui
852 812 1067 872 ipseviam
1095 812 1241 857 Ovidii
1267 813 1472 857 imitator
1498 812 1609 865 fuit,
1639 807 1687 855 id

192 878 334 936 magis
365 879 497 924 etiam
519 881 739 926 fecerunt.
798 882 937 926 Sicuti
957 890 1121 937 autem,
1151 881 1231 925 has
1260 881 1485 941 Epistolas
1510 898 1535 926 a
1565 896 1686 941 quo-

191 947 317 1005 piam
347 948 470 992 fictas
496 964 601 1003 esse,
631 966 715 1009 per
743 966 790 994 se
816 966 913 995 non
939 951 1173 1011 prebabile
1203 958 1288 1004 est,
1319 951 1382 994 ita
1411 952 1546 995 etiam
1577 949 1686 993 reli-

193 1030 284 1073 qua
312 1026 575 1076 argumenta
602 1018 717 1062 hanc
744 1020 1048 1080 suspicionem
1075 1035 1172 1064 non
1201 1019 1484 1064 confirmant.
1543 1017 1686 1073 Quod

192 1085 314 1128 enim
343 1086 514 1132 horum
535 1091 788 1133 carminum
813 1090 1127 1133 tractationem
1157 1096 1201 1133 et
1221 1089 1458 1132 materiam
1489 1089 1685 1132 ieiunam

193 1161 237 1196 et
264 1170 474 1199 mancam
503 1172 595 1200 esse
623 1158 802 1210 dieunt,
832 1157 877 1199 id
895 1154 990 1201 vim
1016 1165 1200 1201 tantum
1220 1156 1429 1210 haberet,
1459 1156 1685 1215 siquidem

192 1223 276 1268 alia
304 1224 456 1269 Sabini
492 1227 690 1270 carmina
732 1233 1013 1285 superessent
1051 1226 1323 1284 elegantiora
1362 1234 1408 1269 e't
1445 1224 1686 1268 sententia-

190 1308 300 1337 rum
326 1294 574 1340 luminibus
601 1295 870 1349 illustriora,
907 1309 1045 1353 quam
1076 1309 1192 1354 quae
1220 1309 1328 1339 cum
1362 1294 1433 1337 his
1463 1308 1687 1352 congrue-

190 1371 309 1409 rent.
366 1365 411 1409 N
412 1381 499 1409 unc
532 1373 684 1409 autem
711 1365 761 1408 in
788 1365 842 1407 iis
869 1379 1028 1409 rerum
1054 1364 1258 1424 inopiam
1298 1371 1344 1408 et
1372 1363 1593 1407 sermonis
1619 1370 1688 1406 te-

191 1434 413 1478 nuitatem
440 1442 613 1478 tantam
641 1433 725 1477 sibi
752 1441 954 1487 sumant,
994 1440 1211 1492 quantam
1248 1432 1410 1477 volunt
1418 1447 1432 1486 3
1470 1432 1578 1475 inde
1612 1439 1687 1475 ta-
1760 1451 1765 1457 ·

190 1519 300 1547 men
327 1504 441 1548 nihil
468 1505 553 1548 nisi
581 1503 1036 1547 Sabinum‘iei‘unum
1063 1510 1247 1562 poetam
1284 1500 1423 1545 fuisse
1460 1502 1679 1560 sequitur.

190 1572 325 1616 Recte
358 1574 478 1616 enim
508 1571 592 1616 Iul.
625 1561 743 1615 Gaes-
783 1570 975 1629 Scaliger
1003 1572 1052 1614 in
1080 1571 1246 1631 poetic.
1275 1569 1352 1614 lib.
1381 1569 1483 1615 VL:
1546 1570 1684 1615 ‘Tres

191 1641 419 1702 Epistolae
435 1643 612 1701 Ulyssis
630 1675 642 1696 ‚
671 1641 1033 1700 Demophoontis
1047 1673 1062 1696 ,
1091 1641 1259 1684 Paridis
1289 1655 1394 1683 sane
1414 1641 1542 1700 parvi
1571 1648 1680 1684 sunt

190 1712 437 1764 momenti3
468 1725 577 1768 quas
599 1717 840 1769 propterea
870 1710 950 1768 qui
976 1717 1141 1767 negant
1169 1709 1320 1753 Sabini
1347 1724 1460 1762 esse,
1486 1709 1524 1752 si
1552 1709 1685 1752 Sabi-

190 1794 277 1823 nus
308 1788 500 1838 quantus
542 1778 681 1822 fuerit
707 1778 937 1833 nesciunt,
977 1793 1183 1837 quonam
1220 1785 1354 1837 pacto
1392 1793 1555 1836 negare
1599 1794 1684 1821 au-

192 1846 350 1892 deant?
406 1848 513 1891 Non
527 1848 773 1891 meminere
799 1846 880 1890 illo
901 1861 1085 1906 quoque
1113 1845 1288 1890 saeculo
1318 1846 1537 1891 exstitisse
1554 1847 1684 1891 Mar-

191 1933 264 1960 sos
274 1949 287 1970 ,
318 1917 548 1971 Suffenos,
576 1916 811 1970 Volusios,
836 1915 1018 1969 Bavios‚
1048 1915 1270 1970 Maevius,
1307 1916 1512 1960 Anseres.
1572 1917 1685 1960 Cas-

192 1985 246 2028 sii
275 2001 456 2043 quoque
483 1985 732 2030 Parmensis
759 1985 925 2044 scripta
958 1984 1114 2028 minus
1151 1993 1355 2029 accurata
1390 1983 1529 2027 fuisse
1565 2000 1683 2044 pro-

193 2054 430 2098 didm-unt?
488 2055 610 2099 Toto
639 2054 762 2099 coelo
791 2061 942 2097 autem
971 2052 1189 2098 aberravit
1214 2054 1433 2109 Amarus,
1464 2047 1684 2113 qui-Ovi-

193 2123 255 2167 dii
283 2124 554 2169 carminibus
584 2125 734 2168 Sabini
761 2123 991 2182 ingenium
1026 2123 1178 2183 metiri
1209 2123 1369 2169 voluit.
1425 2123 1576 2182 Atque
1610 2131 1683 2167 te-

192 2193 415 2236 nuitatem
443 2202 486 2237 et
513 2194 865 2238 mediocritatem
898 2192 991 2235 eius
1027 2191 1078 2234 id
1104 2192 1261 2253 ipsum
1275 2224 1289 2247 ,
1327 2193 1454 2253 quod
1479 2193 1684 2238 imitato-

191 2263 254 2307 ris
282 2272 432 2324 partes
462 2265 572 2323 egit,
602 2265 901 2324 comprobare
926 2262 1117 2307 videtur.
1178 2262 1337 2322 Neque
1366 2263 1529 2319 obstat,
1558 2263 1686 2322 quod

193 2334 378 2377 Ovidius
406 2333 535 2376 Pont.
564 2333 643 2388 IV,
672 2338 743 2378 16.
775 2333 992 2376 Sabinum
1018 2332 1136 2376 inter
1175 2346 1251 2375 eos
1281 2333 1538 2387 enumerat,
1569 2348 1685 2392 quos

191 2399 330 2445 invidi
359 2398 676 2446 obtrectatores
714 2401 1016 2446 laceraverint.
1084 2401 1429 2446 Commemorat
1464 2402 1587 2446 enim
1624 2402 1688 2446 ibi

193 2470 327 2513 etiam
355 2470 490 2526 alios,
528 2471 608 2531 qui
634 2472 810 2532 poetica
844 2470 1057 2515 facultate
1088 2485 1185 2515 non
1219 2486 1499 2532 magnopere
1536 2471 1687 2516 excel-

192 2539 392 2586 luerunt.
448 2539 596 2598 Atque
621 2547 676 2583 ut
701 2541 774 2584 isti
795 2541 1017 2585 Sabinum
1033 2541 1143 2584 iure
1170 2541 1427 2600 meritoque
1453 2541 1687 2599 vitupera-

192 2609 357 2663 verint,
387 2608 572 2655 Ovidius
599 2616 752 2655 tamen
781 2626 908 2666 eum,
938 2610 1019 2671 qui
1044 2625 1156 2672 prae
1183 2610 1337 2655 ceteris
1377 2625 1457 2655 sua
1486 2610 1685 2654 carmina

194 2679 386 2722 maximi
421 2678 609 2735 fecerat,
639 2670 832 2726 'laudare
869 2681 1035 2725 debuit.
1092 2681 1293 2724 Omnino
1335 2687 1485 2723 autem
1522 2678 1572 2721 in
1600 2672 1684 2721 Sa-

194 2748 288 2792 bini
316 2748 526 2809 Epistolis
554 2766 650 2794 non
677 2744 829 2795 tantus
858 2750 1073 2794 orationis
1097 2748 1294 2793 defectus
1323 2755 1368 2791 et
1393 2761 1550 2790 rerum
1578 2746 1683 2789 ino-

194 2818 272 2878 pia
310 2826 399 2872 est,
446 2827 670 2878 qnantum
707 2821 773 2864 illi
809 2819 984 2864 volunt.
1061 2818 1356 2876 Quamquam
1405 2813 1528 2859 enim
1574 2828 1682 2859 cum
