1928 3186
659 132 1062 175 —...·12⁴......

14 236 16 238 ³
41 248 43 251 ’
108 249 253 304 einins
275 248 450 302 Macer,
481 247 633 290 Orator
656 251 701 288 et
727 243 967 288 historicus
991 241 1178 289 celebris
1198 241 1426 293 Ciceronis
1452 251 1609 298 aetate,

113 320 169 365 de
195 335 287 379 quo
315 308 456 364 videri
483 322 632 375 potest
660 314 844 359 Vossius
873 315 921 358 in
948 313 1109 357 histor.
1147 311 1243 356 Lat.
1271 308 1351 355 lib.
1383 311 1420 355 Ι.
1468 327 1506 356 0.
1537 318 1609 359 10.

55 401 59 407 ·
111 404 160 448 p.
186 392 261 433 45.
288 389 383 444 ¹²),
413 387 538 430 cuius
557 384 767 442 gentilem
789 384 930 428 fuisse
950 383 1159 427 Macrum
1181 380 1287 425 belli
1313 381 1503 425 Troiani
1523 397 1608 425 au·-

109 464 303 511 ctorem,
335 455 449 499 mihi
476 453 603 498 facile
629 452 904 513 persuadeo,
933 453 1071 512 idque
1102 466 1160 496 ex
1195 449 1284 495 hoc
1313 450 1447 494 etiam
1477 450 1608 494 colli-

109 525 305 584 gendum
331 539 511 576 censeo,
542 523 666 581 quod
696 523 990 567 Grammatici
1018 520 1206 566 subinde
1225 519 1433 564 Macrum
1464 520 1606 563 citan-

108 602 174 638 tes
202 593 378 637 Aemilii
407 601 450 637 et
477 592 631 635 Licinii
658 593 847 636 nomina
876 593 1178 636 confundunt.
1235 590 1411 634 Nonius
1429 590 1477 632 in
1499 604 1608 633 voce
1662 616 1667 620 -

110 664 330 709 Prosecta
361 662 583 706 Licinium
610 660 819 705 Macrum
847 662 895 705 in
924 660 1257 719 Ornitho'gonia
1286 660 1413 714 citat,
1444 659 1522 702 ubi
1544 659 1606 702 si-

38 774 40 777 ,
108 748 166 777 110
193 732 331 776 dubio
360 731 599 791 legendum
627 731 842 775 Aemilius
872 730 1038 775 Macer.
1097 731 1267 774 Contra
1288 729 1497 772 Priscian.
1528 728 1606 771 lib.

110 800 170 846 Χ.
199 817 249 861 p.
275 805 376 847 895.
430 802 607 846 Aemilii
634 801 776 845 Macri
803 800 1048 843 Annalium
1075 799 1258 843 librum
1277 797 1402 842 XVI.
1432 797 1605 856 allegat,
1643 816 1653 824 f

109 871 189 915 ubi
215 872 407 915 Licinius
436 872 586 914 Macer
613 871 855 914 historicus
871 870 1182 913 'nominandus
1206 875 1300 911 erat
1325 870 1410 925 ¹³).
1469 867 1606 910 Refe-

108 940 246 985 renda
276 940 420 1004 adhuc
451 940 534 983 alia
562 943 775 983 sententia
805 947 870 983 est
897 939 964 983 Io.
984 940 1111 998 Bapt.
1146 938 1212 980 Pii
1250 937 1484 979 Annotatt.
1515 952 1605 995 po-

111 1018 213 1055 ster.
252 1025 349 1069 cap.
380 1015 479 1055 184.
468 1042 501 1064 .,
534 1010 613 1068 qui
639 1010 746 1053 belli
777 1010 965 1053 Troiani
993 1010 1262 1067 scliptorem
1291 1006 1520 1058 Macrum,
1551 1005 1605 1048 ad
1652 1027 1654 1029 ·

111 1094 249 1145 quem
269 1078 420 1122 scribit
441 1079 625 1123 Ovidius
638 1109 650 1131 ,
670 1086 803 1137 putat
825 1094 915 1121 esse
935 1076 1205 1135 Pompeium
1224 1073 1444 1127 Macrum,
1467 1090 1606 1132 quem

111 1141 222 1191 dicit
243 1147 451 1191 floruisse
480 1148 566 1190 sub
597 1148 825 1204 Augusto,
865 1147 1098 1190 literarum
1131 1144 1344 1187 columen
1381 1151 1424 1186 et
1453 1144 1606 1187 erudi-

109 1217 244 1261 tionis
276 1217 501 1276 quendam
528 1216 687 1261 veluti
697 1215 963 1259 thesaurum
982 1213 1144 1267 fuisse,
1175 1222 1219 1257 et
1241 1230 1266 1257 a
1284 1213 1498 1257 Suetonio
1517 1213 1602 1256 Iul.

111 1302 207 1346 cap.
226 1289 299 1332 56.
327 1286 398 1329 his
426 1286 572 1330 verbis
602 1285 870 1329 memorari:
908 1286 1030 1340 Quos
1052 1301 1205 1328 omnes
1227 1283 1399 1350 libellos
1422 1284 1605 1337 (Caesa-

111 1355 201 1412 ris)
229 1355 373 1418 vetuit
393 1355 625 1414 Augustus
634 1353 894 1414 publicari,
924 1354 974 1397 in
1010 1353 1226 1413 epistola,
1257 1368 1397 1413 qaam
1420 1354 1606 1399 brevem

110 1506 277 1555 aequalis
297 1507 380 1544 fuit.
431 1508 536 1545 Idem
557 1510 681 1544 tamen
700 1506 762 1552 (ut
776 1506 1013 1554 Propertius)
1036 1506 1161 1543 Ovidii
1182 1506 1322 1543 amicus
1344 1511 1382 1544 et
1403 1508 1604 1551 convictor,

110 1568 150 1602 et
179 1577 265 1602 cum
292 1565 429 1611 Fabia,
459 1561 571 1613 quam
603 1565 753 1602 tertiam
785 1564 938 1602 Ovidius
959 1577 1117 1601 uxorem
1146 1565 1300 1609 habuit,
1329 1561 1603 1612 propinquitate

108 1622 183 1659 fuit
203 1623 429 1659 coniunctus.
479 1624 592 1659 Anno
613 1622 760 1658 circiter
778 1622 860 1658 728.
884 1634 968 1657 cum
986 1622 1055 1657 illo
1077 1622 1116 1657 in
1127 1622 1253 1657 Asiam
1272 1627 1310 1658 et
1329 1624 1494 1659 Siciliam
1514 1636 1604 1669 pro-

109 1680 228 1716 fectus
251 1684 318 1717 est.
375 1681 511 1717 Postea
532 1681 650 1717 redux
669 1680 789 1717 factus
808 1680 998 1717 amoribus
1020 1692 1059 1715 se
1081 1680 1206 1724 (ledit,
1236 1681 1301 1715 sed
1323 1693 1419 1717 anno
1440 1680 1523 1717 733.
1537 1682 1602 1717 de-

109 1749 185 1774 nuo
206 1739 330 1775 Roma
349 1739 535 1783 discessit,
563 1743 601 1775 et
620 1739 659 1774 in
679 1739 767 1774 Asia
788 1739 971 1784 stipendia
992 1738 1140 1773 meruit.
1199 1738 1355 1783 Aliquot
1382 1739 1486 1775 annis
1518 1743 1604 1785 post

110 1794 228 1840 (circa
259 1793 362 1842 745.)
392 1797 438 1831 de
459 1797 563 1831 bello
588 1795 756 1832 Troiano
779 1796 941 1834 carmina
962 1807 1185 1842 componere
1207 1796 1351 1841 coepit,
1382 1800 1419 1832 et
1439 1796 1602 1843 primum

55 1900 59 1905 ,
108 1851 396 1890 Antehomerica
417 1853 550 1890 deinde
570 1854 853 1890 Posthomerica
874 1854 1017 1889 cecinit.
1074 1853 1145 1889 nis
1170 1854 1350 1890 absolutis
1373 1854 1451 1891 otio
1478 1866 1518 1890 se
1536 1856 1603 1889 de-
1639 1892 1641 1894 ‚

111 1909 207 1957 disse
226 1910 394 1955 videtur,
422 1923 496 1956 quo
520 1922 617 1947 anno
639 1910 724 1947 767.
745 1912 868 1947 adhuc
887 1912 1095 1947 fruebatur.

225 1989 291 2037 12)
318 1990 599 2027 Accuratissime
620 1991 665 2027 de
687 2004 732 2028 eo
754 1990 833 2039 egit
850 1991 1086 2028 Weichertus
1107 1991 1147 2027 in
1167 1992 1375 2029 Comment.
1406 1992 1453 2027 (10
1475 1992 1516 2028 C.
1537 1991 1602 2027 Li-

114 2047 211 2083 cinio
225 2050 339 2085 calvo
363 2053 510 2085 oratore
533 2053 570 2084 et
591 2053 702 2094 poeta
719 2062 756 2095 p.
767 2047 802 2085 5.
816 2049 944 2092 —14.‚
967 2062 1013 2084 ex
1035 2050 1139 2084 cuius
1159 2050 1406 2097 disputatione
1427 2050 1521 2100 haec
1543 2062 1601 2084 se-

113 2104 216 2152 ligo:
244 2105 333 2141 Fuit
353 2106 498 2151 aliquot
517 2106 620 2141 annis
640 2106 759 2142 maior
778 2111 868 2143 natu
890 2107 1083 2150 Cicerone,
1101 2119 1223 2152 neque
1250 2109 1373 2143 solum
1401 2108 1603 2142 Annalium

88 2159 90 2161 ’
114 2162 232 2198 libros
249 2163 394 2209 scripsit
413 2158 477 2198 sed
489 2163 600 2199 etiam
617 2164 801 2200 orationes
812 2166 978 2200 forenses
999 2164 1123 2200 edidit.
1153 2165 1353 2200 Annalium
1364 2166 1498 2200 saltem
1509 2166 1601 2200 XVI.

114 2219 205 2256 libri
225 2220 400 2264 fuerunt,
429 2221 640 2256 orationum
659 2226 784 2257 autem
804 2223 1056 2269 fragmentum
1075 2223 1174 2268 apud
1197 2223 1374 2258 Priscian.
1395 2223 1451 2266 X,
1475 2222 1522 2266 7,
1541 2221 1601 2259 42.

116 2288 165 2313 ex
183 2277 349 2312 oratione
366 2289 435 2322 pro
458 2278 590 2313 Tuscis
610 2283 738 2314 exstat.
779 2280 1007 2315 Historicum
1030 2284 1067 2315 et
1089 2284 1278 2315 oratorem
1300 2280 1487 2315 diversum
1509 2291 1601 2323 esse,

115 2334 216 2369 malo
230 2337 438 2369 statuerunt
458 2335 504 2369 (10
524 2335 677 2370 Brosses
697 2335 737 2371 iu
756 2336 921 2372 Histoire
942 2338 987 2372 de
1005 2338 1045 2372 la
1064 2337 1286 2383 republique
1309 2338 1421 2374 Rom.
1443 2338 1509 2374 lib.
1532 2339 1600 2374 111.

118 2404 151 2428 c.
172 2389 233 2427 74.
256 2390 406 2436 aliique.
464 2391 664 2428 Praeterea
692 2392 724 2428 is
747 2393 788 2429 C.
812 2394 938 2430 Macer
960 2407 1038 2431 esse
1059 2395 1229 2439 videtur,
1259 2395 1323 2442 qui
1344 2408 1378 2432 0.
1402 2409 1439 2433 u.
1462 2409 1494 2433 c.
1517 2394 1599 2433 675.

113 2452 291 2495 quaestor
312 2453 350 2483 et
370 2447 451 2482 680.
474 2448 641 2484 tribunus
668 2451 788 2495 plebis
818 2451 891 2486 fuit
920 2456 957 2487 et
982 2452 1186 2487 orationem
1207 2454 1254 2487 ad
1274 2454 1425 2499 plebem
1454 2454 1600 2497 habuit,

117 2505 224 2542 cuius
255 2506 468 2552 fragmenta
488 2505 655 2541 exhibuit
687 2507 833 2542 eortius
866 2508 912 2542 ad
935 2509 1086 2544 Sallust.
1110 2522 1146 2554 p.
1167 2509 1248 2545 967.
1306 2511 1466 2547 Praetor
1488 2511 1601 2547 etiam

115 2563 201 2607 fuit,
213 2566 250 2598 et
260 2565 357 2598 anno
368 2561 448 2597 688.
467 2573 490 2598 a
501 2562 680 2598 Cicerone
698 2565 984 2608 repetundarum
1001 2570 1190 2601 accusatus
1201 2566 1370 2603 faucibus
1382 2569 1481 2604 elisis
1498 2582 1601 2605 mor-

116 2624 194 2657 tem
224 2619 296 2656 sibi
317 2620 482 2657 adscivit.
539 2619 680 2660 Filium
706 2621 841 2658 habuit
869 2622 910 2657 C.
931 2621 1115 2657 Licinium
1147 2623 1325 2668 Calvum,
1354 2630 1542 2663 oratorem
1564 2631 1602 2664 et

117 2682 278 2727 poetam.

232 2758 299 2805 13)
329 2759 436 2795 Conf.
455 2758 658 2795 Weichert.
679 2759 706 2794 l.
730 2770 761 2794 c.
782 2770 819 2805 p.
841 2755 890 2802 5.,
918 2757 984 2804 qui
1006 2759 1165 2796 eundem
1185 2771 1350 2800 errorem
1382 2764 1483 2812 apud
1510 2764 1600 2802 Dio-

120 2815 268 2873 medem
285 2817 316 2854 1.
346 2829 383 2865 p.
401 2817 484 2854 366.
507 2822 615 2854 recte·
636 2816 855 2853 emendavit.
