<?xml version="1.0" encoding="UTF-8"?>
<!DOCTYPE html PUBLIC "-//W3C//DTD XHTML 1.0 Transitional//EN"
    "http://www.w3.org/TR/xhtml1/DTD/xhtml1-transitional.dtd">
<html xmlns="http://www.w3.org/1999/xhtml" xml:lang="en" lang="en">
 <head>
  <title>
</title>
<meta http-equiv="Content-Type" content="text/html;charset=utf-8" />
  <meta name='ocr-system' content='tesseract 3.04.00' />
  <meta name='ocr-capabilities' content='ocr_page ocr_carea ocr_par ocr_line ocrx_word'/>
</head>
<body>
  <div class='ocr_page' id='page_1' title='image "./4622883_0048.png"; bbox 0 0 1928 3186; ppageno 0'>
   <div class='ocr_carea' id='block_1_1' title="bbox 225 206 1735 762">
    <p class='ocr_par' dir='ltr' id='par_1_1' title="bbox 227 206 1493 353">
     <span class='ocr_line' id='line_1_1' title="bbox 227 206 1493 269; baseline 0 -12"><span class='ocrx_word' id='word_1_1' title='bbox 227 209 368 258; x_wconf 86' lang='lat' dir='ltr'>Solus</span> <span class='ocrx_word' id='word_1_2' title='bbox 401 207 562 257; x_wconf 83' lang='lat' dir='ltr'>adhuc</span> <span class='ocrx_word' id='word_1_3' title='bbox 593 222 803 266; x_wconf 89' lang='lat' dir='ltr'>mecum,</span> <span class='ocrx_word' id='word_1_4' title='bbox 837 207 919 269; x_wconf 92' lang='lat' dir='ltr'>qui</span> <span class='ocrx_word' id='word_1_5' title='bbox 950 222 1029 254; x_wconf 89' lang='lat' dir='ltr'>me</span> <span class='ocrx_word' id='word_1_6' title='bbox 1061 211 1134 253; x_wconf 84' lang='lat' dir='ltr'>tot</span> <span class='ocrx_word' id='word_1_7' title='bbox 1164 206 1345 255; x_wconf 82' lang='lat' dir='ltr'>casibus</span> <span class='ocrx_word' id='word_1_8' title='bbox 1376 223 1493 257; x_wconf 84' lang='lat' dir='ltr'>unus</span> 
     </span>
     <span class='ocr_line' id='line_1_2' title="bbox 298 289 1388 353; baseline -0.004 -13"><span class='ocrx_word' id='word_1_9' title='bbox 298 292 516 349; x_wconf 81' lang='lat' dir='ltr'><strong>Duravit,</strong></span> <span class='ocrx_word' id='word_1_10' title='bbox 550 290 731 353; x_wconf 82' lang='lat' dir='ltr'>patiens</span> <span class='ocrx_word' id='word_1_11' title='bbox 766 289 829 336; x_wconf 82' lang='lat' dir='ltr'>ad</span> <span class='ocrx_word' id='word_1_12' title='bbox 862 290 988 337; x_wconf 85' lang='lat' dir='ltr'>mala</span> <span class='ocrx_word' id='word_1_13' title='bbox 1021 295 1194 351; x_wconf 80' lang='lat' dir='ltr'>perstat</span> <span class='ocrx_word' id='word_1_14' title='bbox 1226 290 1388 336; x_wconf 87' lang='lat' dir='ltr'>Amor.</span> 
     </span>
    </p>

    <p class='ocr_par' dir='ltr' id='par_1_2' title="bbox 225 371 1463 517">
     <span class='ocr_line' id='line_1_3' title="bbox 225 371 1268 440; baseline -0.004 -19"><span class='ocrx_word' id='word_1_15' title='bbox 225 373 369 421; x_wconf 86' lang='lat' dir='ltr'>lllum</span> <span class='ocrx_word' id='word_1_16' title='bbox 400 387 495 419; x_wconf 90' lang='lat' dir='ltr'>non</span> <span class='ocrx_word' id='word_1_17' title='bbox 529 372 675 419; x_wconf 83' lang='lat' dir='ltr'>avidis</span> <span class='ocrx_word' id='word_1_18' title='bbox 711 372 901 428; x_wconf 75' lang='lat' dir='ltr'>canibus</span> <span class='ocrx_word' id='word_1_19' title='bbox 930 372 1099 440; x_wconf 82' lang='lat' dir='ltr'>Nereia</span> <span class='ocrx_word' id='word_1_20' title='bbox 1131 371 1268 434; x_wconf 83' lang='lat' dir='ltr'>virgo</span> 
     </span>
     <span class='ocr_line' id='line_1_4' title="bbox 298 449 1463 517; baseline -0.002 -15"><span class='ocrx_word' id='word_1_21' title='bbox 298 455 487 517; x_wconf 83' lang='lat' dir='ltr'>Fregit,</span> <span class='ocrx_word' id='word_1_22' title='bbox 521 470 616 501; x_wconf 92' lang='lat' dir='ltr'>non</span> <span class='ocrx_word' id='word_1_23' title='bbox 647 454 834 500; x_wconf 86' lang='lat' dir='ltr'>tumidis</span> <span class='ocrx_word' id='word_1_24' title='bbox 865 460 988 499; x_wconf 86' lang='lat' dir='ltr'>torta</span> <span class='ocrx_word' id='word_1_25' title='bbox 1021 449 1284 515; x_wconf 74' lang='lat' dir='ltr'>Charybdis</span> <span class='ocrx_word' id='word_1_26' title='bbox 1319 453 1463 514; x_wconf 83' lang='lat' dir='ltr'>aquis,</span> 
     </span>
    </p>

    <p class='ocr_par' dir='ltr' id='par_1_3' title="bbox 228 535 1735 679">
     <span class='ocr_line' id='line_1_5' title="bbox 228 535 1735 598; baseline -0.001 -14"><span class='ocrx_word' id='word_1_27' title='bbox 228 538 336 584; x_wconf 92' lang='lat' dir='ltr'>Non</span> <span class='ocrx_word' id='word_1_28' title='bbox 370 537 495 583; x_wconf 86' lang='lat' dir='ltr'>ferus</span> <span class='ocrx_word' id='word_1_29' title='bbox 530 536 828 598; x_wconf 82' lang='lat' dir='ltr'><strong>Antiphates,</strong></span> <span class='ocrx_word' id='word_1_30' title='bbox 863 552 952 584; x_wconf 89' lang='lat' dir='ltr'>nec</span> <span class='ocrx_word' id='word_1_31' title='bbox 985 536 1033 581; x_wconf 93' lang='lat' dir='ltr'>in</span> <span class='ocrx_word' id='word_1_32' title='bbox 1066 551 1162 582; x_wconf 86' lang='lat' dir='ltr'>uno</span> <span class='ocrx_word' id='word_1_33' title='bbox 1194 550 1394 597; x_wconf 88' lang='lat' dir='ltr'>corpore</span> <span class='ocrx_word' id='word_1_34' title='bbox 1428 535 1596 583; x_wconf 87' lang='lat' dir='ltr'><strong>dissors</strong></span> <span class='ocrx_word' id='word_1_35' title='bbox 1666 535 1735 583; x_wconf 80' lang='lat'>35</span> 
     </span>
     <span class='ocr_line' id='line_1_6' title="bbox 299 615 1295 679; baseline -0.003 -14"><span class='ocrx_word' id='word_1_36' title='bbox 299 617 624 679; x_wconf 71' lang='lat' dir='ltr'>Parthenope,</span> <span class='ocrx_word' id='word_1_37' title='bbox 658 618 844 664; x_wconf 79' lang='lat' dir='ltr'>blandis</span> <span class='ocrx_word' id='word_1_38' title='bbox 877 615 1091 663; x_wconf 83' lang='lat' dir='ltr'>insidiosa</span> <span class='ocrx_word' id='word_1_39' title='bbox 1122 616 1295 671; x_wconf 86' lang='lat' dir='ltr'>modis3</span> 
     </span>
    </p>

    <p class='ocr_par' dir='ltr' id='par_1_4' title="bbox 228 697 1475 762">
     <span class='ocr_line' id='line_1_7' title="bbox 228 697 1475 762; baseline -0.002 -14"><span class='ocrx_word' id='word_1_40' title='bbox 228 701 337 748; x_wconf 93' lang='lat' dir='ltr'>Nou</span> <span class='ocrx_word' id='word_1_41' title='bbox 371 699 502 762; x_wconf 89' lang='lat' dir='ltr'>quod</span> <span class='ocrx_word' id='word_1_42' title='bbox 537 698 816 748; x_wconf 85' lang='lat' dir='ltr'>Colchiacas</span> <span class='ocrx_word' id='word_1_43' title='bbox 850 700 987 748; x_wconf 85' lang='lat' dir='ltr'>Circe</span> <span class='ocrx_word' id='word_1_44' title='bbox 1018 698 1259 746; x_wconf 86' lang='lat' dir='ltr'>tentaverit</span> <span class='ocrx_word' id='word_1_45' title='bbox 1291 697 1475 759; x_wconf 82' lang='lat' dir='ltr'>herbas,</span> 
     </span>
    </p>
   </div>
   <div class='ocr_carea' id='block_1_2' title="bbox 229 826 1765 2835">
    <p class='ocr_par' dir='ltr' id='par_1_5' title="bbox 229 826 1738 1051">
     <span class='ocr_line' id='line_1_8' title="bbox 344 826 1738 875; baseline -0.001 -9"><span class='ocrx_word' id='word_1_46' title='bbox 344 829 405 866; x_wconf 79' lang='lat'>81.</span> <span class='ocrx_word' id='word_1_47' title='bbox 434 827 516 867; x_wconf 85' lang='lat' dir='ltr'>Nic.</span> <span class='ocrx_word' id='word_1_48' title='bbox 538 828 717 864; x_wconf 81' lang='lat' dir='ltr'>Heinsius</span> <span class='ocrx_word' id='word_1_49' title='bbox 736 829 838 865; x_wconf 87' lang='lat' dir='ltr'>male</span> <span class='ocrx_word' id='word_1_50' title='bbox 860 828 1026 875; x_wconf 78' lang='lat' dir='ltr'>scripsit:</span> <span class='ocrx_word' id='word_1_51' title='bbox 1045 839 1164 864; x_wconf 81' lang='lat' dir='ltr'>unum.</span> <span class='ocrx_word' id='word_1_52' title='bbox 1223 826 1330 864; x_wconf 86' lang='lat' dir='ltr'>Nihil</span> <span class='ocrx_word' id='word_1_53' title='bbox 1347 828 1447 865; x_wconf 73' lang='lat' dir='ltr'>euim</span> <span class='ocrx_word' id='word_1_54' title='bbox 1466 828 1514 865; x_wconf 84' lang='lat' dir='ltr'>ad</span> <span class='ocrx_word' id='word_1_55' title='bbox 1534 840 1615 865; x_wconf 88' lang='lat' dir='ltr'>rem</span> <span class='ocrx_word' id='word_1_56' title='bbox 1634 827 1738 873; x_wconf 77' lang='lat' dir='ltr'>facit,</span> 
     </span>
     <span class='ocr_line' id='line_1_9' title="bbox 229 885 1738 935; baseline -0.001 -11"><span class='ocrx_word' id='word_1_57' title='bbox 229 887 333 935; x_wconf 87' lang='lat' dir='ltr'>quod</span> <span class='ocrx_word' id='word_1_58' title='bbox 354 888 473 925; x_wconf 78' lang='lat' dir='ltr'>Amor</span> <span class='ocrx_word' id='word_1_59' title='bbox 487 887 639 924; x_wconf 82' lang='lat' dir='ltr'>Ulixem</span> <span class='ocrx_word' id='word_1_60' title='bbox 660 890 807 922; x_wconf 87' lang='lat' dir='ltr'>tantum</span> <span class='ocrx_word' id='word_1_61' title='bbox 827 899 950 932; x_wconf 86' lang='lat' dir='ltr'>neque</span> <span class='ocrx_word' id='word_1_62' title='bbox 973 886 1069 922; x_wconf 89' lang='lat' dir='ltr'>alios</span> <span class='ocrx_word' id='word_1_63' title='bbox 1090 886 1204 921; x_wconf 86' lang='lat' dir='ltr'>etiam</span> <span class='ocrx_word' id='word_1_64' title='bbox 1236 885 1433 922; x_wconf 75' lang='lat' dir='ltr'>comitatus</span> <span class='ocrx_word' id='word_1_65' title='bbox 1466 891 1534 923; x_wconf 89' lang='lat' dir='ltr'>est.</span> <span class='ocrx_word' id='word_1_66' title='bbox 1593 888 1669 923; x_wconf 90' lang='lat' dir='ltr'>Sed</span> <span class='ocrx_word' id='word_1_67' title='bbox 1697 888 1738 922; x_wconf 85' lang='lat' dir='ltr'>id</span> 
     </span>
     <span class='ocr_line' id='line_1_10' title="bbox 229 942 1738 993; baseline -0.001 -11"><span class='ocrx_word' id='word_1_68' title='bbox 229 949 368 993; x_wconf 82' lang='lat' dir='ltr'>urget,</span> <span class='ocrx_word' id='word_1_69' title='bbox 406 945 508 991; x_wconf 85' lang='lat' dir='ltr'>quod</span> <span class='ocrx_word' id='word_1_70' title='bbox 536 948 687 991; x_wconf 81' lang='lat' dir='ltr'>praeter</span> <span class='ocrx_word' id='word_1_71' title='bbox 705 945 884 980; x_wconf 83' lang='lat' dir='ltr'><strong>Amorem</strong></span> <span class='ocrx_word' id='word_1_72' title='bbox 904 945 1056 980; x_wconf 88' lang='lat' dir='ltr'>nullum</span> <span class='ocrx_word' id='word_1_73' title='bbox 1075 942 1252 980; x_wconf 89' lang='lat' dir='ltr'>comitem</span> <span class='ocrx_word' id='word_1_74' title='bbox 1272 943 1408 988; x_wconf 85' lang='lat' dir='ltr'>habet,</span> <span class='ocrx_word' id='word_1_75' title='bbox 1437 948 1476 982; x_wconf 92' lang='lat' dir='ltr'>et</span> <span class='ocrx_word' id='word_1_76' title='bbox 1501 945 1619 981; x_wconf 84' lang='lat' dir='ltr'>Amor</span> <span class='ocrx_word' id='word_1_77' title='bbox 1639 955 1738 980; x_wconf 79' lang='lat' dir='ltr'>unus</span> 
     </span>
     <span class='ocr_line' id='line_1_11' title="bbox 231 1001 958 1051; baseline -0.001 -12"><span class='ocrx_word' id='word_1_78' title='bbox 231 1007 289 1040; x_wconf 85' lang='lat' dir='ltr'>est</span> <span class='ocrx_word' id='word_1_79' title='bbox 310 1003 488 1039; x_wconf 86' lang='lat' dir='ltr'>comitum</span> <span class='ocrx_word' id='word_1_80' title='bbox 500 1027 512 1046; x_wconf 95' lang='lat'>,</span> <span class='ocrx_word' id='word_1_81' title='bbox 541 1001 605 1048; x_wconf 92' lang='lat' dir='ltr'>qui</span> <span class='ocrx_word' id='word_1_82' title='bbox 625 1001 723 1037; x_wconf 88' lang='lat' dir='ltr'>mari</span> <span class='ocrx_word' id='word_1_83' title='bbox 740 1012 818 1051; x_wconf 84' lang='lat' dir='ltr'>non</span> <span class='ocrx_word' id='word_1_84' title='bbox 833 1001 958 1048; x_wconf 87' lang='lat' dir='ltr'>periit.</span> 
     </span>
    </p>

    <p class='ocr_par' dir='ltr' id='par_1_6' title="bbox 345 1058 874 1106">
     <span class='ocr_line' id='line_1_12' title="bbox 345 1058 874 1106; baseline -0.002 -9"><span class='ocrx_word' id='word_1_85' title='bbox 345 1060 406 1098; x_wconf 78' lang='lat'>32.</span> <span class='ocrx_word' id='word_1_86' title='bbox 436 1061 526 1096; x_wconf 85' lang='lat' dir='ltr'>Ven.</span> <span class='ocrx_word' id='word_1_87' title='bbox 549 1058 675 1096; x_wconf 65' lang='lat'>1492:</span> <span class='ocrx_word' id='word_1_88' title='bbox 702 1065 874 1106; x_wconf 75' lang='lat' dir='ltr'>praestat.</span> 
     </span>
    </p>

    <p class='ocr_par' dir='ltr' id='par_1_7' title="bbox 234 1116 1741 1969">
     <span class='ocr_line' id='line_1_13' title="bbox 345 1116 1737 1165; baseline -0.001 -10"><span class='ocrx_word' id='word_1_89' title='bbox 345 1118 406 1155; x_wconf 84' lang='grc'>33.</span> <span class='ocrx_word' id='word_1_90' title='bbox 437 1118 573 1155; x_wconf 84' lang='lat' dir='ltr'>Nereia</span> <span class='ocrx_word' id='word_1_91' title='bbox 606 1118 724 1165; x_wconf 79' lang='lat' dir='ltr'>virgo.</span> <span class='ocrx_word' id='word_1_92' title='bbox 772 1118 830 1153; x_wconf 88' lang='lat' dir='ltr'>De</span> <span class='ocrx_word' id='word_1_93' title='bbox 865 1117 996 1165; x_wconf 79' lang='lat' dir='ltr'>Scylla</span> <span class='ocrx_word' id='word_1_94' title='bbox 1017 1128 1228 1155; x_wconf 83' lang='lat' dir='ltr'>sermonem</span> <span class='ocrx_word' id='word_1_95' title='bbox 1259 1128 1365 1163; x_wconf 85' lang='lat' dir='ltr'>esse,</span> <span class='ocrx_word' id='word_1_96' title='bbox 1395 1116 1495 1156; x_wconf 81' lang='lat' dir='ltr'>avidi</span> <span class='ocrx_word' id='word_1_97' title='bbox 1516 1128 1626 1154; x_wconf 84' lang='lat' dir='ltr'>canes</span> <span class='ocrx_word' id='word_1_98' title='bbox 1647 1116 1737 1154; x_wconf 83' lang='lat' dir='ltr'>satis</span> 
     </span>
     <span class='ocr_line' id='line_1_14' title="bbox 234 1169 1739 1225; baseline -0.001 -12"><span class='ocrx_word' id='word_1_99' title='bbox 234 1169 503 1214; x_wconf 69' lang='lat' dir='ltr'>demonstrant.</span> <span class='ocrx_word' id='word_1_100' title='bbox 561 1176 652 1213; x_wconf 84' lang='lat' dir='ltr'>Fuit</span> <span class='ocrx_word' id='word_1_101' title='bbox 670 1175 739 1212; x_wconf 86' lang='lat' dir='ltr'>illa</span> <span class='ocrx_word' id='word_1_102' title='bbox 757 1176 898 1212; x_wconf 86' lang='lat' dir='ltr'>Phorci</span> <span class='ocrx_word' id='word_1_103' title='bbox 924 1180 962 1212; x_wconf 89' lang='lat' dir='ltr'>et</span> <span class='ocrx_word' id='word_1_104' title='bbox 984 1177 1165 1214; x_wconf 86' lang='lat' dir='ltr'>Crateidis</span> <span class='ocrx_word' id='word_1_105' title='bbox 1188 1179 1397 1225; x_wconf 78' lang='lat' dir='ltr'><strong>nymphae,</strong></span> <span class='ocrx_word' id='word_1_106' title='bbox 1427 1181 1492 1213; x_wconf 90' lang='lat' dir='ltr'>aut</span> <span class='ocrx_word' id='word_1_107' title='bbox 1522 1177 1635 1213; x_wconf 86' lang='lat' dir='ltr'>etiam</span> <span class='ocrx_word' id='word_1_108' title='bbox 1655 1178 1739 1212; x_wconf 84' lang='lat' dir='ltr'>He-</span> 
     </span>
     <span class='ocr_line' id='line_1_15' title="bbox 235 1233 1738 1280; baseline -0.001 -10"><span class='ocrx_word' id='word_1_109' title='bbox 235 1239 356 1279; x_wconf 78' lang='lat' dir='ltr'>cates,</span> <span class='ocrx_word' id='word_1_110' title='bbox 377 1235 472 1278; x_wconf 86' lang='lat' dir='ltr'>filia,</span> <span class='ocrx_word' id='word_1_111' title='bbox 482 1238 520 1270; x_wconf 93' lang='lat' dir='ltr'>et</span> <span class='ocrx_word' id='word_1_112' title='bbox 539 1233 693 1279; x_wconf 85' lang='lat' dir='ltr'>apoetis</span> <span class='ocrx_word' id='word_1_113' title='bbox 711 1234 854 1270; x_wconf 84' lang='lat' dir='ltr'>Latinis</span> <span class='ocrx_word' id='word_1_114' title='bbox 876 1246 986 1279; x_wconf 80' lang='lat' dir='ltr'><strong>saepe</strong></span> <span class='ocrx_word' id='word_1_115' title='bbox 1008 1235 1162 1270; x_wconf 78' lang='lat' dir='ltr'>confusa</span> <span class='ocrx_word' id='word_1_116' title='bbox 1174 1239 1230 1270; x_wconf 86' lang='lat' dir='ltr'>est</span> <span class='ocrx_word' id='word_1_117' title='bbox 1249 1247 1335 1270; x_wconf 90' lang='lat' dir='ltr'>cum</span> <span class='ocrx_word' id='word_1_118' title='bbox 1356 1234 1436 1270; x_wconf 90' lang='lat' dir='ltr'>Nisi</span> <span class='ocrx_word' id='word_1_119' title='bbox 1453 1234 1555 1278; x_wconf 88' lang='lat' dir='ltr'>filia,</span> <span class='ocrx_word' id='word_1_120' title='bbox 1584 1246 1680 1280; x_wconf 87' lang='lat' dir='ltr'>quae</span> <span class='ocrx_word' id='word_1_121' title='bbox 1697 1234 1738 1269; x_wconf 90' lang='lat' dir='ltr'>in</span> 
     </span>
     <span class='ocr_line' id='line_1_16' title="bbox 235 1285 1740 1339; baseline -0.001 -10"><span class='ocrx_word' id='word_1_122' title='bbox 235 1290 340 1329; x_wconf 80' lang='lat' dir='ltr'>cirin</span> <span class='ocrx_word' id='word_1_123' title='bbox 354 1304 463 1328; x_wconf 86' lang='lat' dir='ltr'>avem</span> <span class='ocrx_word' id='word_1_124' title='bbox 484 1293 629 1327; x_wconf 86' lang='lat' dir='ltr'>mutata</span> <span class='ocrx_word' id='word_1_125' title='bbox 646 1302 726 1327; x_wconf 86' lang='lat' dir='ltr'>esse</span> <span class='ocrx_word' id='word_1_126' title='bbox 746 1292 866 1339; x_wconf 85' lang='lat' dir='ltr'>vulgo</span> <span class='ocrx_word' id='word_1_127' title='bbox 888 1291 1035 1329; x_wconf 86' lang='lat' dir='ltr'>dicitur.</span> <span class='ocrx_word' id='word_1_128' title='bbox 1063 1291 1144 1328; x_wconf 73' lang='lat' dir='ltr'>vid.</span> <span class='ocrx_word' id='word_1_129' title='bbox 1163 1285 1293 1329; x_wconf 79' lang='lat' dir='ltr'>Heius.</span> <span class='ocrx_word' id='word_1_130' title='bbox 1314 1294 1362 1329; x_wconf 84' lang='lat' dir='ltr'>ad</span> <span class='ocrx_word' id='word_1_131' title='bbox 1382 1293 1421 1328; x_wconf 87' lang='lat' dir='ltr'>h.</span> <span class='ocrx_word' id='word_1_132' title='bbox 1444 1293 1472 1329; x_wconf 87' lang='lat' dir='ltr'>l.</span> <span class='ocrx_word' id='word_1_133' title='bbox 1494 1296 1532 1328; x_wconf 92' lang='lat' dir='ltr'>et</span> <span class='ocrx_word' id='word_1_134' title='bbox 1552 1304 1648 1338; x_wconf 88' lang='lat' dir='ltr'>quae</span> <span class='ocrx_word' id='word_1_135' title='bbox 1667 1304 1740 1327; x_wconf 86' lang='lat' dir='ltr'>no·-</span> 
     </span>
     <span class='ocr_line' id='line_1_17' title="bbox 236 1348 1738 1397; baseline -0.001 -12"><span class='ocrx_word' id='word_1_136' title='bbox 236 1350 316 1386; x_wconf 82' lang='lat' dir='ltr'>tavi</span> <span class='ocrx_word' id='word_1_137' title='bbox 334 1351 381 1386; x_wconf 90' lang='lat' dir='ltr'>ad</span> <span class='ocrx_word' id='word_1_138' title='bbox 400 1350 535 1397; x_wconf 79' lang='lat' dir='ltr'>Virgil.</span> <span class='ocrx_word' id='word_1_139' title='bbox 556 1350 689 1396; x_wconf 82' lang='lat' dir='ltr'>Eclog.</span> <span class='ocrx_word' id='word_1_140' title='bbox 711 1350 760 1384; x_wconf 84' lang='lat' dir='ltr'>vl</span> <span class='ocrx_word' id='word_1_141' title='bbox 772 1375 783 1392; x_wconf 94' lang='lat'>,</span> <span class='ocrx_word' id='word_1_142' title='bbox 801 1348 871 1384; x_wconf 58' lang='lat' dir='ltr'>al.</span> <span class='ocrx_word' id='word_1_143' title='bbox 911 1349 993 1384; x_wconf 88' lang='lat' dir='ltr'>Nic.</span> <span class='ocrx_word' id='word_1_144' title='bbox 1014 1350 1190 1384; x_wconf 79' lang='lat' dir='ltr'>Heinsius</span> <span class='ocrx_word' id='word_1_145' title='bbox 1209 1350 1350 1396; x_wconf 86' lang='lat' dir='ltr'>igitur,</span> <span class='ocrx_word' id='word_1_146' title='bbox 1379 1349 1445 1395; x_wconf 93' lang='lat' dir='ltr'>qui</span> <span class='ocrx_word' id='word_1_147' title='bbox 1472 1350 1641 1385; x_wconf 85' lang='lat' dir='ltr'>Nereiam</span> <span class='ocrx_word' id='word_1_148' title='bbox 1660 1351 1738 1384; x_wconf 82' lang='lat' dir='ltr'>vir-</span> 
     </span>
     <span class='ocr_line' id='line_1_18' title="bbox 234 1401 1739 1455; baseline 0 -13"><span class='ocrx_word' id='word_1_149' title='bbox 234 1408 358 1455; x_wconf 79' lang='lat' dir='ltr'>ginem</span> <span class='ocrx_word' id='word_1_150' title='bbox 378 1407 481 1443; x_wconf 86' lang='lat' dir='ltr'>ferre</span> <span class='ocrx_word' id='word_1_151' title='bbox 503 1405 649 1449; x_wconf 91' lang='lat' dir='ltr'>noluit,</span> <span class='ocrx_word' id='word_1_152' title='bbox 678 1405 841 1442; x_wconf 87' lang='lat' dir='ltr'>correxit</span> <span class='ocrx_word' id='word_1_153' title='bbox 859 1406 1009 1450; x_wconf 78' lang='lat' dir='ltr'>Niseia,</span> <span class='ocrx_word' id='word_1_154' title='bbox 1038 1407 1139 1452; x_wconf 89' lang='lat' dir='ltr'>quod</span> <span class='ocrx_word' id='word_1_155' title='bbox 1161 1408 1397 1442; x_wconf 76' lang='lat' dir='ltr'>Burmannus</span> <span class='ocrx_word' id='word_1_156' title='bbox 1419 1410 1457 1442; x_wconf 91' lang='lat' dir='ltr'>et</span> <span class='ocrx_word' id='word_1_157' title='bbox 1477 1407 1616 1453; x_wconf 83' lang='lat' dir='ltr'>reliqui</span> <span class='ocrx_word' id='word_1_158' title='bbox 1631 1401 1739 1442; x_wconf 82' lang='lat' dir='ltr'>rece-</span> 
     </span>
     <span class='ocr_line' id='line_1_19' title="bbox 234 1459 1739 1512; baseline -0.001 -11"><span class='ocrx_word' id='word_1_159' title='bbox 234 1468 384 1512; x_wconf 67' lang='lat' dir='ltr'>petunt.</span> <span class='ocrx_word' id='word_1_160' title='bbox 425 1465 547 1509; x_wconf 80' lang='lat' dir='ltr'>Atque</span> <span class='ocrx_word' id='word_1_161' title='bbox 570 1465 668 1499; x_wconf 86' lang='lat' dir='ltr'>hanc</span> <span class='ocrx_word' id='word_1_162' title='bbox 689 1464 883 1509; x_wconf 87' lang='lat' dir='ltr'>utriusque</span> <span class='ocrx_word' id='word_1_163' title='bbox 914 1465 1066 1511; x_wconf 78' lang='lat' dir='ltr'>Scyllae</span> <span class='ocrx_word' id='word_1_164' title='bbox 1088 1464 1344 1500; x_wconf 83' lang='lat' dir='ltr'>confusionem</span> <span class='ocrx_word' id='word_1_165' title='bbox 1359 1459 1470 1500; x_wconf 80' lang='lat' dir='ltr'>facile</span> <span class='ocrx_word' id='word_1_166' title='bbox 1489 1465 1739 1508; x_wconf 79' lang='lat' dir='ltr'>admitterem,</span> 
     </span>
     <span class='ocr_line' id='line_1_20' title="bbox 234 1521 1739 1568; baseline 0 -10"><span class='ocrx_word' id='word_1_167' title='bbox 234 1522 420 1568; x_wconf 80' lang='lat' dir='ltr'>siquidem</span> <span class='ocrx_word' id='word_1_168' title='bbox 439 1521 529 1557; x_wconf 88' lang='lat' dir='ltr'>libri</span> <span class='ocrx_word' id='word_1_169' title='bbox 550 1521 589 1556; x_wconf 90' lang='lat' dir='ltr'>in</span> <span class='ocrx_word' id='word_1_170' title='bbox 610 1522 683 1556; x_wconf 89' lang='lat' dir='ltr'>hac</span> <span class='ocrx_word' id='word_1_171' title='bbox 701 1521 862 1557; x_wconf 85' lang='lat' dir='ltr'>lectione</span> <span class='ocrx_word' id='word_1_172' title='bbox 884 1521 1146 1558; x_wconf 88' lang='lat' dir='ltr'>consentirent.</span> <span class='ocrx_word' id='word_1_173' title='bbox 1205 1521 1475 1557; x_wconf 79' lang='lat' dir='ltr'>Difficultatem</span> <span class='ocrx_word' id='word_1_174' title='bbox 1509 1526 1635 1558; x_wconf 88' lang='lat' dir='ltr'>autem</span> <span class='ocrx_word' id='word_1_175' title='bbox 1655 1534 1739 1558; x_wconf 89' lang='lat' dir='ltr'>mo-</span> 
     </span>
     <span class='ocr_line' id='line_1_21' title="bbox 235 1579 1739 1627; baseline 0 -12"><span class='ocrx_word' id='word_1_176' title='bbox 235 1584 323 1625; x_wconf 84' lang='lat' dir='ltr'>vet,</span> <span class='ocrx_word' id='word_1_177' title='bbox 353 1588 439 1616; x_wconf 89' lang='lat' dir='ltr'>cum</span> <span class='ocrx_word' id='word_1_178' title='bbox 456 1579 670 1616; x_wconf 86' lang='lat' dir='ltr'>coniectura</span> <span class='ocrx_word' id='word_1_179' title='bbox 692 1579 805 1615; x_wconf 90' lang='lat' dir='ltr'>lectio</span> <span class='ocrx_word' id='word_1_180' title='bbox 824 1579 933 1615; x_wconf 88' lang='lat' dir='ltr'>illata</span> <span class='ocrx_word' id='word_1_181' title='bbox 953 1579 1022 1624; x_wconf 89' lang='lat' dir='ltr'>sit,</span> <span class='ocrx_word' id='word_1_182' title='bbox 1051 1592 1174 1624; x_wconf 86' lang='lat' dir='ltr'>neque</span> <span class='ocrx_word' id='word_1_183' title='bbox 1191 1584 1391 1625; x_wconf 84' lang='lat' dir='ltr'>utramque</span> <span class='ocrx_word' id='word_1_184' title='bbox 1421 1579 1606 1627; x_wconf 86' lang='lat' dir='ltr'>virginem</span> <span class='ocrx_word' id='word_1_185' title='bbox 1626 1592 1650 1615; x_wconf 89' lang='lat' dir='ltr'>a</span> <span class='ocrx_word' id='word_1_186' title='bbox 1668 1581 1739 1615; x_wconf 83' lang='lat' dir='ltr'>Sa-</span> 
     </span>
     <span class='ocr_line' id='line_1_22' title="bbox 235 1636 1739 1682; baseline 0 -9"><span class='ocrx_word' id='word_1_187' title='bbox 235 1638 324 1673; x_wconf 86' lang='lat' dir='ltr'>bino</span> <span class='ocrx_word' id='word_1_188' title='bbox 346 1639 637 1673; x_wconf 76' lang='lat' dir='ltr'>confusamesse</span> <span class='ocrx_word' id='word_1_189' title='bbox 662 1637 816 1672; x_wconf 76' lang='lat' dir='ltr'>aliunde</span> <span class='ocrx_word' id='word_1_190' title='bbox 840 1636 1010 1672; x_wconf 87' lang='lat' dir='ltr'>sciamus.</span> <span class='ocrx_word' id='word_1_191' title='bbox 1070 1637 1217 1682; x_wconf 81' lang='lat' dir='ltr'>Quare,</span> <span class='ocrx_word' id='word_1_192' title='bbox 1246 1636 1385 1682; x_wconf 88' lang='lat' dir='ltr'>siquid</span> <span class='ocrx_word' id='word_1_193' title='bbox 1413 1637 1634 1672; x_wconf 82' lang='lat' dir='ltr'>mutandum</span> <span class='ocrx_word' id='word_1_194' title='bbox 1669 1641 1739 1681; x_wconf 88' lang='lat' dir='ltr'>est,</span> 
     </span>
     <span class='ocr_line' id='line_1_23' title="bbox 236 1687 1738 1741; baseline 0.001 -11"><span class='ocrx_word' id='word_1_195' title='bbox 236 1695 407 1731; x_wconf 82' lang='lat' dir='ltr'>desidero</span> <span class='ocrx_word' id='word_1_196' title='bbox 429 1695 555 1741; x_wconf 87' lang='lat' dir='ltr'>potius</span> <span class='ocrx_word' id='word_1_197' title='bbox 573 1687 711 1731; x_wconf 83' lang='lat' dir='ltr'>nomen</span> <span class='ocrx_word' id='word_1_198' title='bbox 731 1706 755 1730; x_wconf 89' lang='lat' dir='ltr'>a</span> <span class='ocrx_word' id='word_1_199' title='bbox 773 1694 923 1731; x_wconf 86' lang='lat' dir='ltr'>Phorco</span> <span class='ocrx_word' id='word_1_200' title='bbox 956 1698 1023 1731; x_wconf 90' lang='lat' dir='ltr'>aut</span> <span class='ocrx_word' id='word_1_201' title='bbox 1051 1692 1225 1731; x_wconf 85' lang='lat' dir='ltr'>Grateide</span> <span class='ocrx_word' id='word_1_202' title='bbox 1257 1695 1321 1730; x_wconf 84' lang='lat' dir='ltr'>vel</span> <span class='ocrx_word' id='word_1_203' title='bbox 1350 1694 1495 1730; x_wconf 88' lang='lat' dir='ltr'>Hecate</span> <span class='ocrx_word' id='word_1_204' title='bbox 1523 1694 1738 1732; x_wconf 86' lang='lat' dir='ltr'>deductum.</span> 
     </span>
     <span class='ocr_line' id='line_1_24' title="bbox 234 1751 1740 1789; baseline 0 -1"><span class='ocrx_word' id='word_1_205' title='bbox 234 1753 334 1789; x_wconf 82' lang='lat' dir='ltr'>Mihi</span> <span class='ocrx_word' id='word_1_206' title='bbox 354 1753 578 1787; x_wconf 82' lang='lat' dir='ltr'>servandum</span> <span class='ocrx_word' id='word_1_207' title='bbox 600 1763 680 1786; x_wconf 88' lang='lat' dir='ltr'>esse</span> <span class='ocrx_word' id='word_1_208' title='bbox 698 1752 847 1786; x_wconf 84' lang='lat' dir='ltr'>videtur</span> <span class='ocrx_word' id='word_1_209' title='bbox 869 1754 1004 1787; x_wconf 82' lang='lat' dir='ltr'>Nereia</span> <span class='ocrx_word' id='word_1_210' title='bbox 1024 1751 1050 1786; x_wconf 91' lang='lat' dir='ltr'>i.</span> <span class='ocrx_word' id='word_1_211' title='bbox 1071 1764 1104 1787; x_wconf 89' lang='lat' dir='ltr'>e.</span> <span class='ocrx_word' id='word_1_212' title='bbox 1126 1751 1291 1786; x_wconf 87' lang='lat' dir='ltr'>‘marina</span> <span class='ocrx_word' id='word_1_213' title='bbox 1301 1751 1325 1786; x_wconf 90' lang='lat'>&#39;.</span> <span class='ocrx_word' id='word_1_214' title='bbox 1375 1751 1439 1786; x_wconf 90' lang='lat' dir='ltr'>Sic</span> <span class='ocrx_word' id='word_1_215' title='bbox 1460 1751 1559 1785; x_wconf 89' lang='lat' dir='ltr'>enim</span> <span class='ocrx_word' id='word_1_216' title='bbox 1580 1764 1655 1788; x_wconf 88' lang='lat' dir='ltr'>non</span> <span class='ocrx_word' id='word_1_217' title='bbox 1677 1763 1740 1787; x_wconf 77' lang='lat' dir='ltr'>so-</span> 
     </span>
     <span class='ocr_line' id='line_1_25' title="bbox 234 1809 1740 1856; baseline -0.001 -10"><span class='ocrx_word' id='word_1_218' title='bbox 234 1810 317 1846; x_wconf 90' lang='lat' dir='ltr'>lum</span> <span class='ocrx_word' id='word_1_219' title='bbox 339 1810 476 1846; x_wconf 86' lang='lat' dir='ltr'>Nereus</span> <span class='ocrx_word' id='word_1_220' title='bbox 493 1821 562 1856; x_wconf 86' lang='lat' dir='ltr'>pro</span> <span class='ocrx_word' id='word_1_221' title='bbox 582 1809 678 1845; x_wconf 81' lang='lat' dir='ltr'>mari</span> <span class='ocrx_word' id='word_1_222' title='bbox 696 1809 849 1855; x_wconf 89' lang='lat' dir='ltr'>ponitur</span> <span class='ocrx_word' id='word_1_223' title='bbox 871 1814 910 1846; x_wconf 91' lang='lat' dir='ltr'>et</span> <span class='ocrx_word' id='word_1_224' title='bbox 930 1810 1072 1845; x_wconf 78' lang='lat' dir='ltr'>nereiae</span> <span class='ocrx_word' id='word_1_225' title='bbox 1089 1810 1249 1855; x_wconf 80' lang='lat' dir='ltr'>lymphae</span> <span class='ocrx_word' id='word_1_226' title='bbox 1261 1834 1272 1852; x_wconf 93' lang='lat'>,</span> <span class='ocrx_word' id='word_1_227' title='bbox 1299 1809 1443 1844; x_wconf 82' lang='lat' dir='ltr'>nereiae</span> <span class='ocrx_word' id='word_1_228' title='bbox 1465 1809 1611 1853; x_wconf 85' lang='lat' dir='ltr'>baccae,</span> <span class='ocrx_word' id='word_1_229' title='bbox 1641 1810 1740 1845; x_wconf 83' lang='lat' dir='ltr'>neri-</span> 
     </span>
     <span class='ocr_line' id='line_1_26' title="bbox 235 1862 1741 1915; baseline 0.001 -12"><span class='ocrx_word' id='word_1_230' title='bbox 235 1880 305 1904; x_wconf 76' lang='lat' dir='ltr'>nae</span> <span class='ocrx_word' id='word_1_231' title='bbox 326 1880 441 1915; x_wconf 78' lang='lat' dir='ltr'>aquae</span> <span class='ocrx_word' id='word_1_232' title='bbox 462 1871 500 1903; x_wconf 88' lang='lat' dir='ltr'>et</span> <span class='ocrx_word' id='word_1_233' title='bbox 521 1867 660 1903; x_wconf 80' lang='lat' dir='ltr'>similia</span> <span class='ocrx_word' id='word_1_234' title='bbox 675 1868 880 1914; x_wconf 80' lang='lat' dir='ltr'>leguntur,</span> <span class='ocrx_word' id='word_1_235' title='bbox 909 1869 974 1903; x_wconf 85' lang='lat' dir='ltr'>sed</span> <span class='ocrx_word' id='word_1_236' title='bbox 996 1867 1110 1903; x_wconf 87' lang='lat' dir='ltr'>etiam</span> <span class='ocrx_word' id='word_1_237' title='bbox 1132 1867 1229 1904; x_wconf 87' lang='lat' dir='ltr'>aliae</span> <span class='ocrx_word' id='word_1_238' title='bbox 1250 1867 1344 1903; x_wconf 81' lang='lat' dir='ltr'>deae</span> <span class='ocrx_word' id='word_1_239' title='bbox 1362 1866 1552 1911; x_wconf 89' lang='lat' dir='ltr'>marinae,</span> <span class='ocrx_word' id='word_1_240' title='bbox 1572 1871 1615 1905; x_wconf 89' lang='lat' dir='ltr'>ut</span> <span class='ocrx_word' id='word_1_241' title='bbox 1624 1862 1741 1905; x_wconf 80' lang='lat' dir='ltr'>Helle</span> 
     </span>
     <span class='ocr_line' id='line_1_27' title="bbox 236 1924 1071 1969; baseline -0.002 -7"><span class='ocrx_word' id='word_1_242' title='bbox 236 1926 330 1962; x_wconf 83' lang='lat' dir='ltr'>Stat.</span> <span class='ocrx_word' id='word_1_243' title='bbox 349 1925 487 1961; x_wconf 83' lang='lat' dir='ltr'>Achill.</span> <span class='ocrx_word' id='word_1_244' title='bbox 503 1926 522 1960; x_wconf 90' lang='lat'>1</span> <span class='ocrx_word' id='word_1_245' title='bbox 534 1951 545 1968; x_wconf 91' lang='lat'>‚</span> <span class='ocrx_word' id='word_1_246' title='bbox 579 1924 639 1961; x_wconf 79' lang='lat'>24.</span> <span class='ocrx_word' id='word_1_247' title='bbox 652 1950 664 1969; x_wconf 93' lang='lat'>‚</span> <span class='ocrx_word' id='word_1_248' title='bbox 692 1926 865 1961; x_wconf 77' lang='lat' dir='ltr'>Nereides</span> <span class='ocrx_word' id='word_1_249' title='bbox 885 1925 1071 1961; x_wconf 89' lang='lat' dir='ltr'>dicuntur.</span> 
     </span>
    </p>

    <p class='ocr_par' dir='ltr' id='par_1_8' title="bbox 351 1980 1505 2020">
     <span class='ocr_line' id='line_1_28' title="bbox 351 1980 1505 2020; baseline 0.001 -2"><span class='ocrx_word' id='word_1_250' title='bbox 351 1982 412 2020; x_wconf 81' lang='lat'>34.</span> <span class='ocrx_word' id='word_1_251' title='bbox 445 1984 582 2018; x_wconf 80' lang='lat' dir='ltr'>timidis</span> <span class='ocrx_word' id='word_1_252' title='bbox 602 1983 692 2018; x_wconf 86' lang='lat' dir='ltr'>Ven.</span> <span class='ocrx_word' id='word_1_253' title='bbox 715 1982 821 2018; x_wconf 78' lang='lat'>1492.</span> <span class='ocrx_word' id='word_1_254' title='bbox 860 1982 990 2018; x_wconf 86' lang='lat' dir='ltr'>Prima</span> <span class='ocrx_word' id='word_1_255' title='bbox 1010 1986 1137 2018; x_wconf 89' lang='lat' dir='ltr'>autem</span> <span class='ocrx_word' id='word_1_256' title='bbox 1159 1980 1286 2019; x_wconf 78' lang='lat'>1486.=</span> <span class='ocrx_word' id='word_1_257' title='bbox 1315 1982 1505 2019; x_wconf 71' lang='lat' dir='ltr'>charibdis.</span> 
     </span>
    </p>

    <p class='ocr_par' dir='ltr' id='par_1_9' title="bbox 240 2038 1742 2259">
     <span class='ocr_line' id='line_1_29' title="bbox 353 2038 1742 2086; baseline 0 -11"><span class='ocrx_word' id='word_1_258' title='bbox 353 2038 413 2075; x_wconf 80' lang='grc'>35.</span> <span class='ocrx_word' id='word_1_259' title='bbox 444 2041 589 2077; x_wconf 83' lang='lat' dir='ltr'>Discors</span> <span class='ocrx_word' id='word_1_260' title='bbox 617 2042 859 2086; x_wconf 79' lang='lat' dir='ltr'>Parthenope,</span> <span class='ocrx_word' id='word_1_261' title='bbox 899 2041 1000 2086; x_wconf 89' lang='lat' dir='ltr'>quod</span> <span class='ocrx_word' id='word_1_262' title='bbox 1029 2040 1176 2076; x_wconf 83' lang='lat' dir='ltr'>diversa</span> <span class='ocrx_word' id='word_1_263' title='bbox 1208 2043 1246 2075; x_wconf 92' lang='lat' dir='ltr'>et</span> <span class='ocrx_word' id='word_1_264' title='bbox 1275 2040 1414 2085; x_wconf 82' lang='lat' dir='ltr'>duplex</span> <span class='ocrx_word' id='word_1_265' title='bbox 1442 2040 1523 2075; x_wconf 88' lang='lat' dir='ltr'>eius</span> <span class='ocrx_word' id='word_1_266' title='bbox 1543 2042 1677 2075; x_wconf 84' lang='lat' dir='ltr'>natura</span> <span class='ocrx_word' id='word_1_267' title='bbox 1696 2051 1742 2076; x_wconf 86' lang='lat' dir='ltr'>ac</span> 
     </span>
     <span class='ocr_line' id='line_1_30' title="bbox 241 2097 1739 2143; baseline 0.001 -10"><span class='ocrx_word' id='word_1_268' title='bbox 241 2097 366 2133; x_wconf 78' lang='lat' dir='ltr'>forma</span> <span class='ocrx_word' id='word_1_269' title='bbox 393 2097 433 2134; x_wconf 86' lang='lat' dir='ltr'>in</span> <span class='ocrx_word' id='word_1_270' title='bbox 462 2109 539 2134; x_wconf 91' lang='lat' dir='ltr'>uno</span> <span class='ocrx_word' id='word_1_271' title='bbox 563 2109 719 2143; x_wconf 87' lang='lat' dir='ltr'>corpore</span> <span class='ocrx_word' id='word_1_272' title='bbox 740 2097 937 2134; x_wconf 88' lang='lat' dir='ltr'>coniuncta</span> <span class='ocrx_word' id='word_1_273' title='bbox 956 2110 1032 2134; x_wconf 88' lang='lat' dir='ltr'>non</span> <span class='ocrx_word' id='word_1_274' title='bbox 1065 2098 1316 2143; x_wconf 78' lang='lat' dir='ltr'>congruebat,</span> <span class='ocrx_word' id='word_1_275' title='bbox 1345 2098 1411 2131; x_wconf 88' lang='lat' dir='ltr'>sed</span> <span class='ocrx_word' id='word_1_276' title='bbox 1436 2097 1626 2132; x_wconf 84' lang='lat' dir='ltr'>dissimilis</span> <span class='ocrx_word' id='word_1_277' title='bbox 1646 2103 1739 2134; x_wconf 88' lang='lat' dir='ltr'>erat.</span> 
     </span>
     <span class='ocr_line' id='line_1_31' title="bbox 240 2151 1741 2202; baseline 0.003 -14"><span class='ocrx_word' id='word_1_278' title='bbox 240 2154 314 2191; x_wconf 83' lang='lat' dir='ltr'>vid.</span> <span class='ocrx_word' id='word_1_279' title='bbox 337 2155 481 2202; x_wconf 83' lang='lat' dir='ltr'>Gierig.</span> <span class='ocrx_word' id='word_1_280' title='bbox 504 2155 552 2190; x_wconf 86' lang='lat' dir='ltr'>ad</span> <span class='ocrx_word' id='word_1_281' title='bbox 571 2154 678 2190; x_wconf 87' lang='lat' dir='ltr'>Ovid.</span> <span class='ocrx_word' id='word_1_282' title='bbox 697 2155 851 2191; x_wconf 89' lang='lat' dir='ltr'>Metam.</span> <span class='ocrx_word' id='word_1_283' title='bbox 873 2156 977 2199; x_wconf 87' lang='lat' dir='ltr'><strong>VIII,</strong></span> <span class='ocrx_word' id='word_1_284' title='bbox 1003 2155 1087 2191; x_wconf 86' lang='grc'><strong>133.</strong></span> <span class='ocrx_word' id='word_1_285' title='bbox 1116 2154 1196 2190; x_wconf 85' lang='lat' dir='ltr'>Nic.</span> <span class='ocrx_word' id='word_1_286' title='bbox 1217 2154 1393 2189; x_wconf 84' lang='lat' dir='ltr'>Heinsius</span> <span class='ocrx_word' id='word_1_287' title='bbox 1416 2154 1592 2191; x_wconf 80' lang='lat' dir='ltr'>coniecit:</span> <span class='ocrx_word' id='word_1_288' title='bbox 1608 2151 1741 2193; x_wconf 70' lang='lat' dir='ltr'>dissors</span> 
     </span>
     <span class='ocr_line' id='line_1_32' title="bbox 243 2211 1457 2259; baseline 0.001 -12"><span class='ocrx_word' id='word_1_289' title='bbox 243 2211 269 2248; x_wconf 92' lang='lat' dir='ltr'>i.</span> <span class='ocrx_word' id='word_1_290' title='bbox 292 2224 325 2249; x_wconf 86' lang='lat' dir='ltr'>e.</span> <span class='ocrx_word' id='word_1_291' title='bbox 351 2215 363 2233; x_wconf 90' lang='lat'>‘</span> <span class='ocrx_word' id='word_1_292' title='bbox 376 2225 471 2258; x_wconf 88' lang='lat' dir='ltr'>quae</span> <span class='ocrx_word' id='word_1_293' title='bbox 494 2213 664 2248; x_wconf 85' lang='lat' dir='ltr'>diversae</span> <span class='ocrx_word' id='word_1_294' title='bbox 680 2214 790 2249; x_wconf 85' lang='lat' dir='ltr'>sortis</span> <span class='ocrx_word' id='word_1_295' title='bbox 804 2213 897 2257; x_wconf 80' lang='lat' dir='ltr'>est’,</span> <span class='ocrx_word' id='word_1_296' title='bbox 928 2215 1029 2259; x_wconf 85' lang='lat' dir='ltr'>quod</span> <span class='ocrx_word' id='word_1_297' title='bbox 1049 2212 1231 2249; x_wconf 87' lang='lat' dir='ltr'>editiones</span> <span class='ocrx_word' id='word_1_298' title='bbox 1251 2211 1457 2259; x_wconf 79' lang='lat' dir='ltr'>occupavit.</span> 
     </span>
    </p>

    <p class='ocr_par' dir='ltr' id='par_1_10' title="bbox 356 2269 1282 2311">
     <span class='ocr_line' id='line_1_33' title="bbox 356 2269 1282 2311; baseline 0.002 -6"><span class='ocrx_word' id='word_1_299' title='bbox 356 2269 414 2305; x_wconf 81' lang='lat'>36.</span> <span class='ocrx_word' id='word_1_300' title='bbox 443 2272 577 2306; x_wconf 87' lang='lat' dir='ltr'>Douza</span> <span class='ocrx_word' id='word_1_301' title='bbox 598 2270 775 2306; x_wconf 78' lang='lat' dir='ltr'>coniecit:</span> <span class='ocrx_word' id='word_1_302' title='bbox 796 2272 969 2307; x_wconf 75' lang='lat' dir='ltr'>insidiosa</span> <span class='ocrx_word' id='word_1_303' title='bbox 988 2273 1094 2307; x_wconf 82' lang='lat' dir='ltr'>notis.</span> <span class='ocrx_word' id='word_1_304' title='bbox 1277 2307 1282 2311; x_wconf 36' lang='lat'>2</span> 
     </span>
    </p>

    <p class='ocr_par' dir='ltr' id='par_1_11' title="bbox 243 2327 1765 2835">
     <span class='ocr_line' id='line_1_34' title="bbox 358 2327 1741 2375; baseline 0.003 -13"><span class='ocrx_word' id='word_1_305' title='bbox 358 2327 418 2364; x_wconf 81' lang='grc'>37.</span> <span class='ocrx_word' id='word_1_306' title='bbox 446 2329 561 2365; x_wconf 84' lang='lat' dir='ltr'>Editt.</span> <span class='ocrx_word' id='word_1_307' title='bbox 583 2329 748 2364; x_wconf 86' lang='lat' dir='ltr'>Venetae</span> <span class='ocrx_word' id='word_1_308' title='bbox 775 2328 925 2364; x_wconf 79' lang='lat' dir='ltr'>vitiose:</span> <span class='ocrx_word' id='word_1_309' title='bbox 956 2330 1039 2365; x_wconf 88' lang='lat' dir='ltr'>Non</span> <span class='ocrx_word' id='word_1_310' title='bbox 1066 2329 1160 2375; x_wconf 76' lang='lat' dir='ltr'>quod</span> <span class='ocrx_word' id='word_1_311' title='bbox 1189 2329 1418 2364; x_wconf 85' lang='lat' dir='ltr'>Colchiachas</span> <span class='ocrx_word' id='word_1_312' title='bbox 1446 2333 1524 2365; x_wconf 77' lang='lat' dir='ltr'>arte</span> <span class='ocrx_word' id='word_1_313' title='bbox 1551 2330 1741 2367; x_wconf 74' lang='lat' dir='ltr'>tentaverit</span> 
     </span>
     <span class='ocr_line' id='line_1_35' title="bbox 243 2383 1746 2432; baseline 0.003 -14"><span class='ocrx_word' id='word_1_314' title='bbox 243 2383 391 2426; x_wconf 80' lang='lat' dir='ltr'>herbas,</span> <span class='ocrx_word' id='word_1_315' title='bbox 421 2386 520 2418; x_wconf 90' lang='lat' dir='ltr'>unde</span> <span class='ocrx_word' id='word_1_316' title='bbox 541 2386 682 2427; x_wconf 87' lang='lat' dir='ltr'>Aldus,</span> <span class='ocrx_word' id='word_1_317' title='bbox 711 2388 754 2419; x_wconf 92' lang='lat' dir='ltr'>ut</span> <span class='ocrx_word' id='word_1_318' title='bbox 775 2389 937 2419; x_wconf 90' lang='lat' dir='ltr'>metrum</span> <span class='ocrx_word' id='word_1_319' title='bbox 968 2388 1115 2420; x_wconf 86' lang='lat' dir='ltr'>salvum</span> <span class='ocrx_word' id='word_1_320' title='bbox 1144 2390 1259 2428; x_wconf 87' lang='lat' dir='ltr'>esset,</span> <span class='ocrx_word' id='word_1_321' title='bbox 1287 2386 1396 2420; x_wconf 69' lang='lat' dir='ltr'>fecitt</span> <span class='ocrx_word' id='word_1_322' title='bbox 1425 2386 1508 2420; x_wconf 83' lang='lat' dir='ltr'>Non</span> <span class='ocrx_word' id='word_1_323' title='bbox 1532 2387 1626 2432; x_wconf 74' lang='lat' dir='ltr'>quod</span> <span class='ocrx_word' id='word_1_324' title='bbox 1656 2388 1746 2422; x_wconf 74' lang='lat' dir='ltr'>Col-v</span> 
     </span>
     <span class='ocr_line' id='line_1_36' title="bbox 243 2437 1741 2490; baseline 0.003 -15"><span class='ocrx_word' id='word_1_325' title='bbox 243 2441 388 2476; x_wconf 84' lang='lat' dir='ltr'>chiacas</span> <span class='ocrx_word' id='word_1_326' title='bbox 409 2445 502 2476; x_wconf 85' lang='lat' dir='ltr'>artes</span> <span class='ocrx_word' id='word_1_327' title='bbox 532 2442 719 2477; x_wconf 77' lang='lat' dir='ltr'>tentaverit</span> <span class='ocrx_word' id='word_1_328' title='bbox 749 2442 875 2478; x_wconf 79' lang='lat' dir='ltr'>herbis.</span> <span class='ocrx_word' id='word_1_329' title='bbox 945 2437 1083 2478; x_wconf 82' lang='lat' dir='ltr'>Aldum</span> <span class='ocrx_word' id='word_1_330' title='bbox 1103 2437 1222 2479; x_wconf 88' lang='lat' dir='ltr'>secuti</span> <span class='ocrx_word' id='word_1_331' title='bbox 1241 2447 1328 2479; x_wconf 84' lang='lat' dir='ltr'>sunt</span> <span class='ocrx_word' id='word_1_332' title='bbox 1345 2437 1532 2490; x_wconf 66' lang='lat' dir='ltr'>Nauger„</span> <span class='ocrx_word' id='word_1_333' title='bbox 1562 2443 1741 2487; x_wconf 85' lang='lat' dir='ltr'>Vincent.‚</span> 
     </span>
     <span class='ocr_line' id='line_1_37' title="bbox 243 2489 1741 2545; baseline 0.001 -12"><span class='ocrx_word' id='word_1_334' title='bbox 243 2489 405 2545; x_wconf 69' lang='lat' dir='ltr'>Micyu„</span> <span class='ocrx_word' id='word_1_335' title='bbox 423 2499 583 2540; x_wconf 68' lang='lat' dir='ltr'>Bersm„</span> <span class='ocrx_word' id='word_1_336' title='bbox 605 2498 728 2533; x_wconf 88' lang='lat' dir='ltr'>Plant.</span> <span class='ocrx_word' id='word_1_337' title='bbox 751 2493 789 2534; x_wconf 78' lang='lat' dir='ltr'>et</span> <span class='ocrx_word' id='word_1_338' title='bbox 808 2501 979 2534; x_wconf 73' lang='lat' dir='ltr'>Amaras.</span> <span class='ocrx_word' id='word_1_339' title='bbox 1024 2501 1182 2544; x_wconf 79' lang='lat' dir='ltr'>Utrique</span> <span class='ocrx_word' id='word_1_340' title='bbox 1212 2500 1366 2535; x_wconf 83' lang='lat' dir='ltr'>lectioni</span> <span class='ocrx_word' id='word_1_341' title='bbox 1395 2500 1603 2535; x_wconf 81' lang='lat' dir='ltr'>subiectum</span> <span class='ocrx_word' id='word_1_342' title='bbox 1623 2502 1741 2544; x_wconf 81' lang='lat' dir='ltr'>deest,</span> 
     </span>
     <span class='ocr_line' id='line_1_38' title="bbox 246 2554 1739 2602; baseline 0.004 -12"><span class='ocrx_word' id='word_1_343' title='bbox 246 2556 349 2601; x_wconf 86' lang='lat' dir='ltr'>quod</span> <span class='ocrx_word' id='word_1_344' title='bbox 372 2567 418 2590; x_wconf 92' lang='lat' dir='ltr'>ex</span> <span class='ocrx_word' id='word_1_345' title='bbox 438 2566 518 2600; x_wconf 87' lang='lat' dir='ltr'>sqq.</span> <span class='ocrx_word' id='word_1_346' title='bbox 539 2556 654 2589; x_wconf 78' lang='lat' dir='ltr'>altera</span> <span class='ocrx_word' id='word_1_347' title='bbox 673 2555 760 2590; x_wconf 81' lang='lat' dir='ltr'>diva</span> <span class='ocrx_word' id='word_1_348' title='bbox 782 2555 844 2590; x_wconf 84' lang='lat' dir='ltr'>vix</span> <span class='ocrx_word' id='word_1_349' title='bbox 871 2554 992 2602; x_wconf 78' lang='lat' dir='ltr'>repeti</span> <span class='ocrx_word' id='word_1_350' title='bbox 1020 2559 1154 2601; x_wconf 83' lang='lat' dir='ltr'>potest.</span> <span class='ocrx_word' id='word_1_351' title='bbox 1213 2556 1404 2593; x_wconf 82' lang='lat' dir='ltr'>Palmaria</span> <span class='ocrx_word' id='word_1_352' title='bbox 1432 2560 1489 2594; x_wconf 86' lang='lat' dir='ltr'>est</span> <span class='ocrx_word' id='word_1_353' title='bbox 1509 2560 1636 2595; x_wconf 85' lang='lat' dir='ltr'>autem</span> <span class='ocrx_word' id='word_1_354' title='bbox 1656 2558 1739 2596; x_wconf 87' lang='lat' dir='ltr'>Nic.</span> 
     </span>
     <span class='ocr_line' id='line_1_39' title="bbox 244 2605 1765 2664; baseline 0.001 -13"><span class='ocrx_word' id='word_1_355' title='bbox 244 2612 393 2651; x_wconf 85' lang='lat' dir='ltr'>Heinsii</span> <span class='ocrx_word' id='word_1_356' title='bbox 423 2612 660 2656; x_wconf 89' lang='lat' dir='ltr'>emendatio,</span> <span class='ocrx_word' id='word_1_357' title='bbox 688 2624 763 2659; x_wconf 88' lang='lat' dir='ltr'>qua</span> <span class='ocrx_word' id='word_1_358' title='bbox 789 2619 866 2664; x_wconf 84' lang='lat' dir='ltr'>arte</span> <span class='ocrx_word' id='word_1_359' title='bbox 896 2614 936 2650; x_wconf 94' lang='lat' dir='ltr'>in</span> <span class='ocrx_word' id='word_1_360' title='bbox 958 2615 1058 2650; x_wconf 88' lang='lat' dir='ltr'>Circe</span> <span class='ocrx_word' id='word_1_361' title='bbox 1090 2615 1259 2651; x_wconf 86' lang='lat' dir='ltr'>mutavit.</span> <span class='ocrx_word' id='word_1_362' title='bbox 1317 2615 1495 2660; x_wconf 86' lang='lat' dir='ltr'>‘Divide,</span> <span class='ocrx_word' id='word_1_363' title='bbox 1523 2617 1672 2663; x_wconf 77' lang='lat' dir='ltr'>inquit,</span> <span class='ocrx_word' id='word_1_364' title='bbox 1694 2605 1765 2653; x_wconf 54' lang='grc' dir='ltr'>τὸΕ</span> 
     </span>
     <span class='ocr_line' id='line_1_40' title="bbox 245 2670 1741 2718; baseline 0.001 -9"><span class='ocrx_word' id='word_1_365' title='bbox 245 2686 271 2709; x_wconf 83' lang='lat' dir='ltr'>a</span> <span class='ocrx_word' id='word_1_366' title='bbox 286 2670 442 2708; x_wconf 74' lang='lat' dir='ltr'>induas</span> <span class='ocrx_word' id='word_1_367' title='bbox 461 2673 609 2707; x_wconf 88' lang='lat' dir='ltr'>litteras</span> <span class='ocrx_word' id='word_1_368' title='bbox 626 2674 665 2706; x_wconf 86' lang='lat' dir='ltr'>et</span> <span class='ocrx_word' id='word_1_369' title='bbox 684 2672 842 2706; x_wconf 84' lang='lat' dir='ltr'>habebis</span> <span class='ocrx_word' id='word_1_370' title='bbox 853 2673 896 2707; x_wconf 88' lang='lat' dir='ltr'>ci.</span> <span class='ocrx_word' id='word_1_371' title='bbox 938 2673 1035 2707; x_wconf 81' lang='lat' dir='ltr'>Cirte</span> <span class='ocrx_word' id='word_1_372' title='bbox 1044 2683 1112 2717; x_wconf 87' lang='lat' dir='ltr'>pro</span> <span class='ocrx_word' id='word_1_373' title='bbox 1135 2672 1259 2707; x_wconf 83' lang='lat' dir='ltr'>Circe.’</span> <span class='ocrx_word' id='word_1_374' title='bbox 1288 2672 1409 2718; x_wconf 83' lang='lat' dir='ltr'>Atque</span> <span class='ocrx_word' id='word_1_375' title='bbox 1426 2674 1500 2708; x_wconf 87' lang='lat' dir='ltr'>hoc</span> <span class='ocrx_word' id='word_1_376' title='bbox 1516 2682 1653 2710; x_wconf 83' lang='lat' dir='ltr'>nomen</span> <span class='ocrx_word' id='word_1_377' title='bbox 1664 2687 1741 2710; x_wconf 91' lang='lat' dir='ltr'>nou</span> 
     </span>
     <span class='ocr_line' id='line_1_41' title="bbox 243 2728 1748 2782; baseline 0.002 -16"><span class='ocrx_word' id='word_1_378' title='bbox 243 2730 370 2767; x_wconf 82' lang='lat' dir='ltr'>solum</span> <span class='ocrx_word' id='word_1_379' title='bbox 388 2730 528 2767; x_wconf 83' lang='lat' dir='ltr'>horum</span> <span class='ocrx_word' id='word_1_380' title='bbox 545 2739 724 2765; x_wconf 81' lang='lat' dir='ltr'>versuum</span> <span class='ocrx_word' id='word_1_381' title='bbox 752 2741 869 2782; x_wconf 84' lang='lat' dir='ltr'>nexus</span> <span class='ocrx_word' id='word_1_382' title='bbox 902 2731 1089 2776; x_wconf 87' lang='lat' dir='ltr'>postulat,</span> <span class='ocrx_word' id='word_1_383' title='bbox 1117 2729 1183 2766; x_wconf 83' lang='lat' dir='ltr'>sed</span> <span class='ocrx_word' id='word_1_384' title='bbox 1205 2729 1317 2767; x_wconf 86' lang='lat' dir='ltr'>etiam</span> <span class='ocrx_word' id='word_1_385' title='bbox 1352 2743 1417 2769; x_wconf 84' lang='lat' dir='ltr'>vs.·</span> <span class='ocrx_word' id='word_1_386' title='bbox 1434 2728 1493 2769; x_wconf 82' lang='lat'>45.</span> <span class='ocrx_word' id='word_1_387' title='bbox 1533 2732 1748 2769; x_wconf 64' lang='lat' dir='ltr'>confirmat:</span> 
     </span>
     <span class='ocr_line' id='line_1_42' title="bbox 244 2787 1740 2835; baseline 0 -10"><span class='ocrx_word' id='word_1_388' title='bbox 244 2790 348 2825; x_wconf 86' lang='lat' dir='ltr'>Idem</span> <span class='ocrx_word' id='word_1_389' title='bbox 368 2789 573 2832; x_wconf 79' lang='lat' dir='ltr'>Heinsius,</span> <span class='ocrx_word' id='word_1_390' title='bbox 599 2790 686 2824; x_wconf 85' lang='lat' dir='ltr'>cum</span> <span class='ocrx_word' id='word_1_391' title='bbox 708 2787 792 2825; x_wconf 88' lang='lat' dir='ltr'>edd.</span> <span class='ocrx_word' id='word_1_392' title='bbox 809 2789 924 2824; x_wconf 87' lang='lat' dir='ltr'>Venu.</span> <span class='ocrx_word' id='word_1_393' title='bbox 943 2800 1019 2825; x_wconf 87' lang='lat' dir='ltr'>non</span> <span class='ocrx_word' id='word_1_394' title='bbox 1036 2788 1236 2835; x_wconf 76' lang='lat' dir='ltr'>diligenter</span> <span class='ocrx_word' id='word_1_395' title='bbox 1253 2787 1472 2835; x_wconf 79' lang='lat' dir='ltr'>inspexisset</span> <span class='ocrx_word' id='word_1_396' title='bbox 1491 2789 1578 2827; x_wconf 83' lang='lat' dir='ltr'>etin</span> <span class='ocrx_word' id='word_1_397' title='bbox 1599 2790 1740 2827; x_wconf 79' lang='lat' dir='ltr'>iis&#39;Gol-</span> 
     </span>
    </p>
   </div>
  </div>
 </body>
</html>
