1928 3186
665 95 1111 141 „—44—

223 210 311 257 Illa
342 223 476 257 suum
509 209 654 257 fortes
680 209 718 257 it
752 207 970 265 comitata
1004 211 1177 268 vinum
1499 222 1502 226 ’
1595 214 1666 264 70

151 294 254 340 Nec
288 292 404 339 dum
437 294 505 340 illi
543 292 765 341 Lachesis
797 294 947 341 dictos
985 302 1304 343 numeraverat
1337 309 1493 356 anum,

220 374 320 422 Sed
353 376 480 426 iuvat
512 381 618 423 ante
652 391 786 425 suum
820 376 888 424 sic
921 376 1144 438 cecidisse
1178 377 1319 425 diem.

150 458 307 505 Vidi-
325 473 413 504 nec
447 458 657 504 lacrimas
691 458 816 506 oculi
850 464 1040 506 tenuere
1075 460 1291 515 cadentes
1307 488 1334 497 -·

218 541 510 590 Deformem,
527 540 747 599 Atriden,
781 540 865 589 hei
898 542 1029 602 mihi,
1063 543 1211 610 caede
1243 557 1377 591 nova.

146 624 287 669 Illum
321 624 466 670 Troia
500 623 650 672 virum
683 638 778 670 non
811 624 1045 681 laeserat3
1068 627 1150 673 ille
1172 627 1433 677 Ϊιιιθιιῐειιι,
1539 671 1543 676 ,
1591 626 1623 672 7
1626 624 1659 672 5

217 707 454 769 Nauplion
487 706 727 754 Euboicos
759 708 1087 771 transieratque
1121 711 1261 761 sinus.
1383 757 1386 759 ,

148 789 280 847 Quid
311 789 509 836 refert?
507 788 721 845 animam
753 804 842 851 per
874 792 1066 838 vulnera
1098 792 1228 839 mille
1260 755 1489 855 profudit,

217 872 319 917 Iam
352 872 522 920 reduci
547 871 728 919 solvens
763 872 922 920 debita
955 879 1065 919 vota
1093 873 1209 920 lovi.

146 953 378 1014 Tyndaris
413 953 498 999 has
525 953 601 998 >illi
633 952 760 999 laeso
794 969 884 1016 pro
918 942 1112 1019 foedere
1145 970 1321 1016 poenas

210 1036 478 1099 struxerat,
516 1041 724 1096 externos
758 1034 860 1098 ipsa
892 1042 1049 1087 secuta
1082 1036 1217 1089 viros.
1303 1086 1307 1089 Δ
1586 1034 1658 1080 80

147 1117 229 1165 Ah
263 1118 381 1164 mihi
414 1108 529 1179 quid
561 1117 777 1180 prodest,
813 1120 1017 1181 captivas
1049 1117 1308 1166 Teucridas
1342 1102 1459 1164 inter

157 1262 163 1268 .
218 1200 341 1247 Cum
374 1206 513 1256 staret
538 1199 714 1246 ‘coniux
746 1196 963 1248 Hectoris
998 1208 1135 1261 atque
1170 1214 1314 1256 soror,

145 1272 353 1330 Defectis
387 1269 619 1334 Hecaben
651 1281 808 1344 potius
840 1282 1016 1345 legisse
1050 1284 1134 1329 sub
1170 1272 1308 1338 annis,

159 1446 161 1448 .
260 1411 322 1454 70.
345 1410 444 1456 Veri.
459 1410 586 1454 1486..
585 1412 683 1456 Ille.
708 1412 882 1480 'Utraque
903 1412 991 1448 edit.
1013 1410 1121 1448 1486.
1134 1415 1172 1449 et
1190 1411 1297 1449 1492.
1317 1413 1355 1447 et
1368 1413 1537 1460 ceterae.
1550 1413 1653 1458 forte

142 1470 212 1523 sit,
233 1471 335 1517 quod
357 1470 567 1513 Swarthius
588 1468 743 1519 egregie
766 1469 810 1506 in
822 1468 948 1517 sortes
963 1471 994 1508 it
1018 1470 1199 1515 mutavit,
1228 1471 1329 1517 quod
1349 1468 1433 1517 pest
1454 1457 1650 1507 Heinsium

101 1536 104 1539 “
143 1541 273 1571 omnes
284 1524 502 1569 ediderunt-f⁴
522 1531 647 1566 Fortes
666 1530 810 1564 umbrae
829 1533 956 1565 autem
968 1533 1054 1564 sunt
1071 1540 1199 1564 manes
1214 1529 1387 1572 heroum,
1406 1528 1540 1575 quibus
1553 1518 1655 1564 Lao-

140 1588 265 1626 «lamia
282 1598 323 1623 se
346 1586 560 1623 immiscuit.
621 1577 829 1623 Salmasius
850 1586 1032 1623 correxit·
1049 1588 1173 1632 fertur
1193 1588 1255 1623 sic.
1306 1587 1459 1621 Douza.
1474 1587 1587 1631 sortis
1607 1588 1648 1623 it.

254 1645 315 1681 71.
343 1645 473 1681 Venet.
499 1643 619 1688 1486..
647 1650 903 1692 numeraueret.
940 1645 1021 1682 Nic.
1042 1644 1220 1682 Heinsius
1232 1644 1368 1681 suasit·
1392 1645 1504 1681 dictos
1518 1657 1648 1692 perne—

138 1682 241 1741 uerat
261 1714 395 1746 annos,
423 1714 530 1738 mera
553 1702 724 1737 mutandi
745 1688 914 1739 libidine.

252 1761 313 1798 72.
341 1759 579 1799 Ven.1492.:
607 1761 680 1796 Sed
699 1761 807 1796 iurat.
1504 1809 1506 1812 Ι

252 1819 313 1855 74.
345 1820 454 1855 Conf.
476 1819 651 1865 Propert.
671 1819 720 1861 11,
738 1817 777 1861 7,
796 1817 856 1853 21.
878 1816 1006 1862 ibique
1017 1817 1222 1853 Burmann.
1252 1816 1528 1853 Veneta1486.:
1549 1820 1644 1855 cede.

252 1876 314 1916 76.
343 1874 584 1916 Ven.,1486.=
613 1875 821 1922 Naupilon3
851 1874 916 1910 sed
937 1877 1038 1911 recte
1061 1875 1119 1911 ed.
1141 1873 1247 1911 1492.

252 1935 313 1973 77.
344 1934 553 1973 Swarthius
575 1946 597 1970 e
620 1934 749 1986 codice
770 1946 863 1978 suo,
892 1933 1097 1970 dummodo
1118 1945 1230 1969 verus
1254 1932 1322 1969 ille
1345 1937 1466 1979 esset,
1494 1935 1644 1972 attulit:

136 2005 201 2041 per
227 1995 393 2031 adultera
412 1993 485 2029 tela
502 1991 678 2039 profudit.

252 2051 313 2089 78.
342 2052 432 2088 Ven.
448 2050 575 2093 1486..
606 2052 684 2085 Ιαπι
704 2053 740 2085 te
762 2049 846 2085 duca
857 2050 1004 2085 solvens
1061 2048 1285 2085 Emendavit
1305 2052 1437 2085 auctor
1458 2050 1515 2086 ed.
1536 2050 1642 2087 1492.

250 2109 312 2147 79.
341 2108 541 2147 Verissima
562 2111 618 2144 est
631 2108 719 2144 Nic.
735 2106 883 2143 Heinsii
905 2106 1136 2143 emendatio·
1158 2108 1254 2142 laeso
1273 2117 1340 2164 pro
1354 2108 1518 2152 foedere,
1530 2120 1644 2154 quam

138 2169 254 2204 verba
273 2174 432 2205 externos
452 2169 534 2215 ipsa
554 2172 674 2203 secuta
693 2167 791 2202 viros
810 2169 939 2213 aperte
957 2166 1161 2213 postulant.
1218 2165 1344 2212 Vulgo
1376 2167 1489 2201 laetas
1511 2179 1580 2214 pro
1603 2170 1641 2212 s.

135 2237 293 2272 poenas,
320 2227 421 2272 quod
443 2214 652 2262 Swarthius
673 2222 879 2274 εἰρωνικῶς
903 2224 1045 2259 dictum
1066 2234 1146 2258 esse
1169 2223 1337 2268 putavit,
1367 2227 1406 2259 et
1425 2224 1614 2261 Amarus'
1601 2237 1641 2261 ιιι

136 2278 244 2321 textu
261 2281 425 2321 retinuit.
458 2281 576 2329 Sed⁴
560 2295 646 2319 lure
650 2281 840 2318 Heinsius
864 2281 939 2318 hoc
960 2280 1102 2318 reiecit.

162 2336 165 2339 ⁴
253 2340 312 2376 80.
344 2343 421 2377 Pro
442 2343 538 2377 viros
558 2340 737 2376 Heinsius
759 2340 914 2375 maluit.
933 2345 1053 2383 toros,
1082 2339 1183 2385 quod
1208 2339 1447 2388 Burmannus
1461 2341 1558 2376 bene
1577 2351 1639 2375 re-

135 2397 236 2435 iecit.
277 2399 386 2436 Conf.
417 2398 590 2445 Prop'ert.
623 2399 683 2442 11,
720 2395 792 2442 25,
820 2395 881 2441 8.,
910 2408 957 2434 ex
985 2409 1062 2469 quo
1095 2396 1312 2474 Sabinum
1300 2403 1369 2452 sua
1390 2397 1560 2433 hausisse
1584 2398 1638 2434 ibi

134 2459 374 2494 Burmannus
395 2456 554 2492 monuit.

184 2546 186 2548 .
250 2515 310 2552 81.
339 2514 519 2562 Micyllus
542 2511 721 2550 correxit.
745 2515 794 2550 At
813 2514 924 2556 mihi,
953 2514 1054 2558 quod
1076 2525 1151 2548 non
1176 2524 1271 2559 opus
1299 2515 1367 2549 est.
1401 2505 1525 2550 Edit
1546 2514 1636 2550 ven.

131 2573 261 2612 1486:
291 2578 416 2621 captas
430 2572 622 2608 teucriam
629 2572 710 2607 iter.
768 2572 979 2651 Utrumque
999 2571 1223 2642 emendavit
1231 2572 1322 2607 Ven.
1336 2569 1444 2608 1492.

247 2632 307 2669 82.
336 2632 515 2668 Heinsius
536 2630 692 2666 maluit·
714 2634 859 2665 starent.

245 2690 306 2727 83.
336 2690 456 2726 Aldus
475 2687 613 2723 edidit·
624 2688 856 2729 ὛΗοωὸαιη
851 2685 979 2732 quod
1013 2684 1216 2724 secundum
1247 2685 1439 2726 Bothium
1460 2685 1635 2725 Vindiciis

130 2748 239 2785 Ovid.
261 2760 299 2795 p.
321 2748 428 2791 136.
448 2745 516 2793 qjui
531 2746 697 2782 Hecaben
716 2746 878 2781 formam
899 2747 965 2780 aut
986 2743 1169 2781 Graecam
1188 2747 1255 2780 aut
1265 2744 1444 2781 Latinam
1466 2741 1546 2780 esse
1567 2758 1632 2784 ne-

131 2806 261 2854 gavit,
289 2818 423 2843 verum
442 2808 511 2841 est.
570 2804 679 2840 Conf.
715 2803 828 2839 Conr.
856 2800 1105 2838 Schneiderus
1138 2801 1343 2839 Grammat.
1362 2802 1558 2844 ,Latffi2VoL
1584 2802 1630 2844 11.
