1928 3186
774 92 1178 134 ——30—

224 205 273 247 in
299 202 410 246 locis
429 204 491 247 ita
518 203 788 257 restituerit,
817 210 873 246 ut
895 201 1126 262 Epistulae
1159 209 1295 263 poeta
1324 202 1517 253 Nasonis
1544 205 1723 251 aemulo

205 273 387 331 dignae
422 283 583 316 rursus
612 272 886 316 viderentur.
946 271 1077 317 Conf.
1106 272 1258 316 Heins.
1290 272 1350 316 ad
1375 273 1516 331 Epist.
1546 276 1627 330 ΙΙΙ,
1650 282 1722 322 91.

221 342 468 400 Argutatus
507 348 573 384 est
611 347 764 383 autem
791 333 993 384 'Amarus
1011 372 1024 392 ,
1064 340 1144 397 qui
1186 347 1378 401 propter
1399 340 1525 385 locos
1553 343 1722 389 Heinsii

224 410 491 455 coniecturis
530 418 706 454 sanatos
736 409 965 469 Epistolas
994 409 1253 454 Heinsianas
1290 426 1431 469 quam
1465 412 1722 459 Sabinianas

221 480 365 522 dicere
403 479 578 522 maluit.
665 478 721 521 In
763 486 889 521 tanta
940 479 1063 522 enim
1102 478 1412 522 subsidiorum
1458 480 1722 527 criticorum

218 550 412 610 penuria
440 547 597 592 foedae
624 547 729 593 illae
751 539 1089 608 depravationes
1119 548 1245 594 aliter
1274 565 1323 594 ac
1349 549 1613 596 coniecturis
1641 552 1722 597 vix

218 618 445 664 removeri
483 625 709 678 poterant.
782 618 946 677 Neque
972 617 1045 662 his
1078 618 1312 664 universus
1340 617 1514 663 horum
1556 621 1721 666 carmi-

218 703 336 732 num
366 687 492 732 color
519 703 705 748 pessum
735 688 895 744 datur,
937 687 1016 732 sed
1044 703 1187 747 pauca
1215 696 1398 732 tantum
1424 688 1580 734 leviter
1607 707 1719 737 mu·-

218 764 394 801 tantur.
451 757 679 801 Plurimae
707 757 829 801 enim
851 757 1197 811 emendationes,
1227 773 1341 815 quae
1364 759 1411 802 in
1430 757 1511 802 has
1533 759 1721 820 Episto-

218 825 284 879 las
321 843 346 870 a
373 826 479 871 viris
514 826 653 870 doctis
683 827 873 886 scriptae
901 835 1034 880 sunt,
1065 825 1323 886 superfluae
1350 834 1395 871 et
1421 842 1636 887 magnam
1663 830 1721 874 ad

218 904 399 954 partem
428 895 531 938 inde
561 903 685 938 ortae
709 905 837 948 sunt,
868 895 993 953 quod
1022 894 1088 937 illi
1114 896 1163 936 in
1192 895 1389 937 carmine
1416 899 1585 953 passim
1613 913 1719 941 cor-

217 970 359 1023 rupto
385 962 617 1021 ingenium
641 964 873 1007 ostendere
900 962 1163 1017 voluerunt,
1185 976 1333 1022 neque
1353 961 1566 1009 editiones
1585 966 1719 1027 prin-

221 1033 364 1091 cipeS,
396 1048 509 1090 quac
537 1034 693 1077 unicae
729 1049 891 1077 verum
934 1033 1201 1076 emendandi
1242 1031 1421 1074 fontem
1460 1036 1718 1089 ostendunt,

219 1101 323 1145 satis
352 1109 665 1162 respexerunt.
722 1100 776 1145 Id
806 1101 933 1161 quod
960 1101 1131 1146 nemini
1155 1100 1329 1145 mirum
1356 1099 1606 1158 videbitur,
1637 1104 1717 1163 qui

218 1170 389 1214 harum
432 1172 745 1230 Epistolarum
780 1172 1017 1216 historiam
1045 1172 1202 1230 paullo
1243 1172 1514 1226 accurratius
1544 1187 1717 1230 cogno-

219 1240 348 1284 verit.
395 1240 670 1282 Prodierunt
699 1240 820 1283 enim
849 1254 908 1284 ex
935 1240 1074 1284 veteri
1104 1239 1253 1283 codice
1280 1239 1605 1299 manuscripto,
1637 1240 1717 1299 qui

219 1324 343 1353 nunc
371 1309 458 1353 nisi
484 1309 743 1367 deperditus
765 1317 893 1360 ,certe
920 1309 1102 1367 ignotus
1135 1316 1213 1352 est.
1270 1307 1426 1350 AJium
1456 1317 1605 1352 autem
1635 1325 1716 1353 co·-

221 1377 368 1420 dicem
396 1392 484 1421 ms,
524 1378 579 1420 ab
608 1377 689 1421 illo
728 1385 942 1437 tempore
982 1392 1119 1420 nemo
1155 1376 1282 1421 vidit.
1336 1376 1550 1436 Princeps
1580 1376 1714 1421 editio

221 1454 287 1490 est
316 1448 487 1490 Veneta
528 1462 725 1506 operum
765 1446 1094 1491 Ovidianorum
1132 1446 1285 1497 tertia,
1324 1445 1450 1488 cuius
1478 1446 1610 1504 prior
1637 1453 1714 1489 to-

217 1530 324 1558 mus
353 1516 603 1573 impressus
633 1523 700 1558 est
724 1516 929 1558 venetiis
953 1531 1048 1574 per
1079 1513 1434 1559 Ber-nardinum
1462 1513 1520 1557 de
1544 1512 1714 1558 ,Nova-

217 1585 311 1629 ria.
339 1584 407 1629 ,M-
446 1582 613 1629 CCCC.
642 1583 941 1630 LXXXVI.
972 1585 1048 1629 die
1079 1583 1231 1629 XIII.
1260 1583 1494 1627 Ianuarii.
1505 1616 1519 1637 ,
1555 1590 1713 1642 poste-

216 1655 314 1697 rior
353 1653 511 1696 eodem
546 1652 648 1696 loco
689 1661 733 1697 et
779 1669 896 1697 anno
948 1654 1025 1698 die
1067 1652 1298 1698 XXVII.
1349 1652 1610 1696 novembris
1649 1651 1709 1713 ²).

216 1722 272 1766 In
302 1738 391 1781 qua
419 1722 570 1765 Sabini
597 1722 825 1782 Epistolae
864 1723 1135 1768 verbotenus
1167 1731 1211 1766 et
1247 1721 1375 1765 nulla
1403 1722 1712 1766 emendatione
1739 1773 1749 1776 ,-

215 1791 334 1835 facta
362 1806 421 1834 ex
447 1791 596 1835 codice
622 1792 835 1852 repetitae
862 1807 954 1837 esse
982 1792 1213 1846 videntur,
1255 1791 1342 1835 nisi
1370 1791 1496 1851 quod
1519 1789 1712 1835 fortasse

301 1967 344 2016 2)
364 1968 432 2005 Nic
449 1967 626 2004 Heinsius
653 1967 855 2006 editionem
884 1968 1090 2017 principem
1106 1980 1204 2005 anno
1221 1965 1328 2005 1485.
1349 1968 1537 2016 'prodiisse
1567 1967 1708 2006 statuit.

216 2025 356 2063 Scribit
378 2027 478 2062 enim
491 2028 548 2073 „ad
567 2027 685 2073 Epist.
705 2029 735 2064 Ι.
758 2028 860 2064 init.:
890 2028 1061 2064 ‘Primas
1081 2029 1218 2063 harum
1235 2027 1493 2073 Epistolarum
1515 2026 1709 2070 editiones,

214 2085 374 2120 alteram
404 2084 567 2121 Venetiis
596 2086 934 2123 MCCCCLXXXV.
973 2086 1133 2123 alteram
1168 2084 1331 2121 Parmae
1369 2095 1568 2131 procusam
1598 2084 1706 2122 Anno

214 2142 571 2178 Mccchxxxlx.
593 2144 819 2179 adhibendas
840 2144 964 2180 duxi.’
1021 2144 1143 2189 Atque
1173 2154 1269 2178 anno
1291 2140 1398 2178 1485.
1427 2141 1589 2178 venetiis
1610 2142 1708 2177 duae

215 2200 475 2246 Epistolarum
509 2200 632 2236 Ovidii
656 2202 836 2237 editiones
856 2204 1035 2250 vulgatae
1055 2203 1162 2243 sunt,
1201 2201 1320 2235 altera
1347 2211 1415 2246 per
1430 2201 1631 2246 Baptistam
1661 2200 1707 2236 de

218 2259 336 2293 Tor-tis
357 2260 415 2293 die
436 2259 537 2294 XVI.
561 2259 690 2294 Martii
706 2260 795 2302 fol„
834 2260 954 2295 altera
975 2270 1088 2305 quam
1108 2259 1286 2303 Impressit
1308 2259 1462 2294 Thomas
1481 2258 1525 2293 de
1545 2258 1705 2293 Alexan-

214 2314 299 2350 dria
318 2316 377 2350 die
398 2315 443 2350 X.
464 2316 561 2351 Iunii
577 2321 750 2363 regnante
772 2318 857 2352 duce
876 2318 1008 2353 Ioanne
1026 2317 1227 2363 Mocem'go.
1248 2316 1340 2359 fol.;
1381 2315 1447 2351 sed
1474 2315 1522 2351 ab
1539 2319 1705 2361 ‘utraque

213 2371 347 2409 Sabini
365 2371 557 2418 Epistolae
577 2376 729 2409 absunt.
767 2374 978 2409 Parmensis
999 2378 1126 2410 autem
1147 2373 1261 2409 editio
1281 2385 1358 2409 non
1378 2373 1455 2409 alia
1476 2376 1553 2416 est,
1591 2384 1704 2418 quam

212 2440 312 2475 quae
327 2430 469 2465 Veneta
488 2435 620 2475 quarta
641 2442 797 2478 operum
817 2431 940 2467 Ovidii
959 2433 1076 2478 vulgo
1099 2430 1244 2467 dicitur.
1308 2430 1486 2466 Heinsius
1514 2441 1538 2466 a
1558 2431 1704 2466 Matheo

212 2489 377 2534 Capcasa
397 2488 584 2523 Parmense
604 2488 827 2534 impressore
848 2488 887 2523 in
907 2500 1073 2524 errorem
1092 2488 1265 2524 inductus
1287 2492 1355 2524 est.
1402 2487 1554 2524 Erravit
1573 2488 1704 2524 itidem

210 2544 251 2581 in
274 2557 373 2581 811110
398 2544 572 2580 editionis
591 2545 767 2591 principis
779 2571 791 2588 ‚
813 2556 926 2590 quam
946 2557 993 2580 ne
1013 2545 1212 2590 inspexisse
1231 2544 1382 2591 quidem
1401 2546 1560 2582 videtur.
1599 2546 1703 2592 Quas

211 2602 313 2639 enim
332 2602 372 2638 in
392 2602 568 2638 undecim
584 2602 679 2638 locis
701 2614 722 2637 e
740 2602 861 2649 prima
889 2602 1051 2637 editione
1078 2601 1204 2637 citavit
1220 2602 1424 2647 lectiones,
1463 2615 1591 2640 omnes
1618 2603 1703 2649 qui-

209 2661 298 2697 dem
315 2661 355 2697 in
375 2660 463 2696 edit.
483 2661 573 2697 Ven.
595 2659 725 2703 1492„
754 2671 867 2705 quam
886 2659 926 2695 in
953 2659 1012 2694 his
1042 2670 1128 2694 cum
1148 2660 1237 2695 Ven.
1258 2658 1363 2695 1489.
1387 2661 1597 2706 conspirare
1620 2672 1701 2710 sus-

207 2718 328 2765 picot,
346 2720 540 2765 leguntur,
569 2719 635 2754 sed
654 2719 856 2764 pleraeque
877 2717 924 2752 ab
948 2717 1005 2752 ed.
1025 2716 1115 2752 Ven.
1134 2716 1240 2754 1486.
1259 2716 1479 2754 lectionibus
1497 2718 1702 2754 discedunt.

209 2777 319 2814 Conf.
336 2777 368 2821 1,
385 2774 444 2813 54.
463 2780 503 2814 et
518 2775 599 2821 83„
627 2777 676 2821 Π,
694 2775 729 2813 4.
741 2800 753 2820 ,
782 2774 899 2813 13.,οί;
915 2773 975 2811 72.
997 2777 1035 2810 et
1051 2774 1118 2819 111,
1137 2773 1197 2811 63.
