<?xml version="1.0" encoding="UTF-8"?>
<!DOCTYPE html PUBLIC "-//W3C//DTD XHTML 1.0 Transitional//EN"
    "http://www.w3.org/TR/xhtml1/DTD/xhtml1-transitional.dtd">
<html xmlns="http://www.w3.org/1999/xhtml" xml:lang="en" lang="en">
 <head>
  <title>
</title>
<meta http-equiv="Content-Type" content="text/html;charset=utf-8" />
  <meta name='ocr-system' content='tesseract 3.04.00' />
  <meta name='ocr-capabilities' content='ocr_page ocr_carea ocr_par ocr_line ocrx_word'/>
</head>
<body>
  <div class='ocr_page' id='page_1' title='image "./4622883_0018.png"; bbox 0 0 1928 3186; ppageno 0'>
   <div class='ocr_carea' id='block_1_1' title="bbox 0 0 61 224">
    <p class='ocr_par' dir='ltr' id='par_1_1' title="bbox 0 0 61 224">
     <span class='ocr_line' id='line_1_1' title="bbox 0 0 61 224; baseline 0 2962"><span class='ocrx_word' id='word_1_1' title='bbox 0 0 61 224; x_wconf 95' lang='lat' dir='ltr'><strong> </strong></span> 
     </span>
    </p>
   </div>
   <div class='ocr_carea' id='block_1_2' title="bbox 754 141 1155 184">
    <p class='ocr_par' dir='ltr' id='par_1_2' title="bbox 754 141 1155 184">
     <span class='ocr_line' id='line_1_2' title="bbox 754 141 1155 184; baseline 0.005 -10"><span class='ocrx_word' id='word_1_2' title='bbox 754 141 1155 184; x_wconf 73' lang='lat'><strong>-8—</strong></span> 
     </span>
    </p>
   </div>
   <div class='ocr_carea' id='block_1_3' title="bbox 207 247 1733 1086">
    <p class='ocr_par' dir='ltr' id='par_1_3' title="bbox 324 247 1504 388">
     <span class='ocr_line' id='line_1_3' title="bbox 324 247 1504 311; baseline -0.012 -5"><span class='ocrx_word' id='word_1_3' title='bbox 324 258 526 306; x_wconf 67' lang='lat' dir='ltr'><strong>Carmen</strong></span> <span class='ocrx_word' id='word_1_4' title='bbox 547 255 613 302; x_wconf 73' lang='lat' dir='ltr'><strong>ad</strong></span> <span class='ocrx_word' id='word_1_5' title='bbox 632 256 805 301; x_wconf 77' lang='lat' dir='ltr'><strong>iratum</strong></span> <span class='ocrx_word' id='word_1_6' title='bbox 825 252 938 299; x_wconf 78' lang='lat' dir='ltr'><strong>dum</strong></span> <span class='ocrx_word' id='word_1_7' title='bbox 957 258 1007 297; x_wconf 77' lang='lat' dir='ltr'><strong>tu</strong></span> <span class='ocrx_word' id='word_1_8' title='bbox 1018 248 1242 311; x_wconf 73' lang='lat' dir='ltr'><strong><em>perducis</em></strong></span> <span class='ocrx_word' id='word_1_9' title='bbox 1259 247 1504 304; x_wconf 78' lang='lat' dir='ltr'><em>Achillem,</em></span> 
     </span>
     <span class='ocr_line' id='line_1_4' title="bbox 378 320 1320 388; baseline -0.013 -13"><span class='ocrx_word' id='word_1_10' title='bbox 378 328 629 388; x_wconf 80' lang='lat' dir='ltr'><strong>Primaque</strong></span> <span class='ocrx_word' id='word_1_11' title='bbox 649 323 815 370; x_wconf 77' lang='lat' dir='ltr'><strong>iuratis</strong></span> <span class='ocrx_word' id='word_1_12' title='bbox 836 322 991 368; x_wconf 78' lang='lat' dir='ltr'><strong>induis</strong></span> <span class='ocrx_word' id='word_1_13' title='bbox 1013 335 1154 365; x_wconf 82' lang='lat' dir='ltr'><strong>arma</strong></span> <span class='ocrx_word' id='word_1_14' title='bbox 1174 320 1292 364; x_wconf 80' lang='lat' dir='ltr'><strong>viris</strong></span> <span class='ocrx_word' id='word_1_15' title='bbox 1303 335 1320 374; x_wconf 83' lang='lat'><em>3</em></span> 
     </span>
    </p>

    <p class='ocr_par' dir='ltr' id='par_1_4' title="bbox 207 387 1733 1086">
     <span class='ocr_line' id='line_1_5' title="bbox 321 387 1733 454; baseline -0.009 -10"><span class='ocrx_word' id='word_1_16' title='bbox 321 396 444 452; x_wconf 82' lang='lat' dir='ltr'><strong>Nos,</strong></span> <span class='ocrx_word' id='word_1_17' title='bbox 462 397 646 449; x_wconf 81' lang='lat' dir='ltr'><strong><em>Macer,</em></strong></span> <span class='ocrx_word' id='word_1_18' title='bbox 669 395 875 453; x_wconf 78' lang='lat' dir='ltr'><em>ignavae</em></span> <span class='ocrx_word' id='word_1_19' title='bbox 899 390 1103 436; x_wconf 81' lang='lat' dir='ltr'><strong>Veneris</strong></span> <span class='ocrx_word' id='word_1_20' title='bbox 1125 401 1351 435; x_wconf 72' lang='lat' dir='ltr'><strong>cessamus</strong></span> <span class='ocrx_word' id='word_1_21' title='bbox 1373 388 1425 433; x_wconf 81' lang='lat' dir='ltr'><strong>in</strong></span> <span class='ocrx_word' id='word_1_22' title='bbox 1441 387 1680 454; x_wconf 56' lang='lat' dir='ltr'><strong>umbre-a</strong></span> <span class='ocrx_word' id='word_1_23' title='bbox 1730 441 1733 445; x_wconf 90' lang='lat'><strong>.</strong></span> 
     </span>
     <span class='ocr_line' id='line_1_6' title="bbox 208 467 1708 537; baseline -0.006 -14"><span class='ocrx_word' id='word_1_24' title='bbox 208 475 416 524; x_wconf 83' lang='lat' dir='ltr'><strong>concludi</strong></span> <span class='ocrx_word' id='word_1_25' title='bbox 452 481 654 537; x_wconf 85' lang='lat' dir='ltr'><strong>possent,</strong></span> <span class='ocrx_word' id='word_1_26' title='bbox 689 473 775 518; x_wconf 81' lang='lat' dir='ltr'><strong>nisi</strong></span> <span class='ocrx_word' id='word_1_27' title='bbox 803 473 1140 533; x_wconf 83' lang='lat' dir='ltr'><strong>ignoraremus,</strong></span> <span class='ocrx_word' id='word_1_28' title='bbox 1171 470 1271 531; x_wconf 88' lang='lat' dir='ltr'><strong>quis</strong></span> <span class='ocrx_word' id='word_1_29' title='bbox 1299 468 1448 515; x_wconf 87' lang='lat' dir='ltr'>Macer</span> <span class='ocrx_word' id='word_1_30' title='bbox 1472 468 1547 521; x_wconf 89' lang='lat' dir='ltr'><strong>ille</strong></span> <span class='ocrx_word' id='word_1_31' title='bbox 1567 467 1708 518; x_wconf 84' lang='lat' dir='ltr'><strong>fuerit</strong></span> 
     </span>
     <span class='ocr_line' id='line_1_7' title="bbox 209 533 1707 605; baseline -0.006 -14"><span class='ocrx_word' id='word_1_32' title='bbox 209 557 253 592; x_wconf 84' lang='grc'><strong>61</strong></span> <span class='ocrx_word' id='word_1_33' title='bbox 279 546 460 605; x_wconf 84' lang='lat' dir='ltr'><strong>quando</strong></span> <span class='ocrx_word' id='word_1_34' title='bbox 501 560 681 589; x_wconf 85' lang='lat' dir='ltr'><strong>carmen</strong></span> <span class='ocrx_word' id='word_1_35' title='bbox 720 533 857 586; x_wconf 72' lang='lat' dir='ltr'><strong>suu&#39;m</strong></span> <span class='ocrx_word' id='word_1_36' title='bbox 885 542 1208 601; x_wconf 84' lang='lat' dir='ltr'><strong>composuerit.</strong></span> <span class='ocrx_word' id='word_1_37' title='bbox 1275 540 1390 583; x_wconf 91' lang='lat' dir='ltr'><strong>Tres</strong></span> <span class='ocrx_word' id='word_1_38' title='bbox 1421 541 1541 583; x_wconf 88' lang='lat' dir='ltr'><strong>enim</strong></span> <span class='ocrx_word' id='word_1_39' title='bbox 1570 538 1707 598; x_wconf 83' lang='lat' dir='ltr'><strong>huius</strong></span> 
     </span>
     <span class='ocr_line' id='line_1_8' title="bbox 208 608 1708 676; baseline -0.005 -16"><span class='ocrx_word' id='word_1_40' title='bbox 208 615 425 676; x_wconf 88' lang='lat' dir='ltr'><strong>temporis</strong></span> <span class='ocrx_word' id='word_1_41' title='bbox 453 613 669 657; x_wconf 87' lang='lat' dir='ltr'><strong>habemus</strong></span> <span class='ocrx_word' id='word_1_42' title='bbox 699 610 898 666; x_wconf 83' lang='lat' dir='ltr'>Macros,</span> <span class='ocrx_word' id='word_1_43' title='bbox 929 612 1010 672; x_wconf 87' lang='lat' dir='ltr'><strong>qui</strong></span> <span class='ocrx_word' id='word_1_44' title='bbox 1039 627 1064 655; x_wconf 89' lang='lat' dir='ltr'><strong>a</strong></span> <span class='ocrx_word' id='word_1_45' title='bbox 1092 610 1199 656; x_wconf 87' lang='lat' dir='ltr'><strong>viris</strong></span> <span class='ocrx_word' id='word_1_46' title='bbox 1228 608 1369 654; x_wconf 89' lang='lat' dir='ltr'><strong>doctis</strong></span> <span class='ocrx_word' id='word_1_47' title='bbox 1388 624 1484 654; x_wconf 91' lang='lat' dir='ltr'><strong>non</strong></span> <span class='ocrx_word' id='word_1_48' title='bbox 1504 609 1607 653; x_wconf 88' lang='lat' dir='ltr'><strong>satis</strong></span> <span class='ocrx_word' id='word_1_49' title='bbox 1630 623 1708 653; x_wconf 88' lang='lat' dir='ltr'><strong>ac-</strong></span> 
     </span>
     <span class='ocr_line' id='line_1_9' title="bbox 210 681 1710 741; baseline -0.003 -11"><span class='ocrx_word' id='word_1_50' title='bbox 210 684 581 730; x_wconf 76' lang='lat' dir='ltr'><strong>curate-distincti</strong></span> <span class='ocrx_word' id='word_1_51' title='bbox 610 690 739 736; x_wconf 89' lang='lat' dir='ltr'><strong>sunt,</strong></span> <span class='ocrx_word' id='word_1_52' title='bbox 779 697 927 741; x_wconf 81' lang='lat' dir='ltr'><strong>neque</strong></span> <span class='ocrx_word' id='word_1_53' title='bbox 954 681 1149 726; x_wconf 79' lang='lat' dir='ltr'><strong>forsitan</strong></span> <span class='ocrx_word' id='word_1_54' title='bbox 1176 681 1225 724; x_wconf 91' lang='lat' dir='ltr'><strong>in</strong></span> <span class='ocrx_word' id='word_1_55' title='bbox 1254 682 1466 726; x_wconf 89' lang='lat' dir='ltr'><strong>omnibus</strong></span> <span class='ocrx_word' id='word_1_56' title='bbox 1496 681 1710 741; x_wconf 79' lang='lat' dir='ltr'><strong>distingui</strong></span> 
     </span>
     <span class='ocr_line' id='line_1_10' title="bbox 209 750 1708 817; baseline -0.003 -17"><span class='ocrx_word' id='word_1_57' title='bbox 209 761 413 817; x_wconf 84' lang='lat' dir='ltr'><strong>possunt.</strong></span> <span class='ocrx_word' id='word_1_58' title='bbox 469 752 682 814; x_wconf 87' lang='lat' dir='ltr'><strong>Inprimis</strong></span> <span class='ocrx_word' id='word_1_59' title='bbox 707 751 780 796; x_wconf 87' lang='lat' dir='ltr'><strong>hic</strong></span> <span class='ocrx_word' id='word_1_60' title='bbox 808 751 982 807; x_wconf 85' lang='lat' dir='ltr'><strong>Macer,</strong></span> <span class='ocrx_word' id='word_1_61' title='bbox 1014 751 1068 795; x_wconf 93' lang='lat' dir='ltr'><strong>de</strong></span> <span class='ocrx_word' id='word_1_62' title='bbox 1099 764 1192 810; x_wconf 91' lang='lat' dir='ltr'><strong>quo</strong></span> <span class='ocrx_word' id='word_1_63' title='bbox 1214 750 1399 796; x_wconf 85' lang='lat' dir='ltr'><strong>Ovidius</strong></span> <span class='ocrx_word' id='word_1_64' title='bbox 1423 752 1559 799; x_wconf 85' lang='lat' dir='ltr'><strong>verba</strong></span> <span class='ocrx_word' id='word_1_65' title='bbox 1589 751 1708 808; x_wconf 89' lang='lat' dir='ltr'><strong>fecit,</strong></span> 
     </span>
     <span class='ocr_line' id='line_1_11' title="bbox 207 819 1712 868; baseline -0.001 -1"><span class='ocrx_word' id='word_1_66' title='bbox 207 840 317 868; x_wconf 85' lang='lat' dir='ltr'><strong>cum</strong></span> <span class='ocrx_word' id='word_1_67' title='bbox 353 822 541 867; x_wconf 88' lang='lat' dir='ltr'><strong>Aemilio</strong></span> <span class='ocrx_word' id='word_1_68' title='bbox 571 822 726 867; x_wconf 91' lang='lat' dir='ltr'><strong>Macro</strong></span> <span class='ocrx_word' id='word_1_69' title='bbox 755 821 1005 865; x_wconf 83' lang='lat' dir='ltr'><strong>Veronensi</strong></span> <span class='ocrx_word' id='word_1_70' title='bbox 1043 819 1259 864; x_wconf 87' lang='lat' dir='ltr'><strong>confusus</strong></span> <span class='ocrx_word' id='word_1_71' title='bbox 1300 829 1422 865; x_wconf 47' lang='lat' dir='ltr'><strong>ests&gt;</strong></span> <span class='ocrx_word' id='word_1_72' title='bbox 1448 819 1712 866; x_wconf 83' lang='lat' dir='ltr'><strong>Adscribam</strong></span> 
     </span>
     <span class='ocr_line' id='line_1_12' title="bbox 209 888 1711 953; baseline -0.002 -16"><span class='ocrx_word' id='word_1_73' title='bbox 209 894 264 937; x_wconf 91' lang='lat' dir='ltr'><strong>de</strong></span> <span class='ocrx_word' id='word_1_74' title='bbox 291 893 373 936; x_wconf 86' lang='lat' dir='ltr'><strong>hac</strong></span> <span class='ocrx_word' id='word_1_75' title='bbox 400 909 451 937; x_wconf 87' lang='lat' dir='ltr'><strong>re</strong></span> <span class='ocrx_word' id='word_1_76' title='bbox 478 892 612 937; x_wconf 86' lang='lat' dir='ltr'><strong>verba</strong></span> <span class='ocrx_word' id='word_1_77' title='bbox 639 888 943 935; x_wconf 79' lang='lat' dir='ltr'><strong>Wernsdorfii</strong></span> <span class='ocrx_word' id='word_1_78' title='bbox 962 890 1013 932; x_wconf 90' lang='lat' dir='ltr'><strong>in</strong></span> <span class='ocrx_word' id='word_1_79' title='bbox 1030 890 1175 953; x_wconf 77' lang='lat' dir='ltr'><strong>Poett.</strong></span> <span class='ocrx_word' id='word_1_80' title='bbox 1196 889 1531 935; x_wconf 70' lang='lat' dir='ltr'><strong>Latin.‘minor.</strong></span> <span class='ocrx_word' id='word_1_81' title='bbox 1551 891 1608 935; x_wconf 88' lang='grc' dir='ltr'><strong>Τ.</strong></span> <span class='ocrx_word' id='word_1_82' title='bbox 1630 891 1711 934; x_wconf 90' lang='lat' dir='ltr'><strong>lV.</strong></span> 
     </span>
     <span class='ocr_line' id='line_1_13' title="bbox 209 958 1713 1022; baseline -0.001 -17"><span class='ocrx_word' id='word_1_83' title='bbox 209 978 259 1021; x_wconf 87' lang='lat' dir='ltr'><strong>p.</strong></span> <span class='ocrx_word' id='word_1_84' title='bbox 279 965 393 1014; x_wconf 71' lang='lat'><strong>579„</strong></span> <span class='ocrx_word' id='word_1_85' title='bbox 424 961 503 1019; x_wconf 89' lang='lat' dir='ltr'><strong>qui</strong></span> <span class='ocrx_word' id='word_1_86' title='bbox 532 962 587 1004; x_wconf 88' lang='lat' dir='ltr'><strong>de</strong></span> <span class='ocrx_word' id='word_1_87' title='bbox 613 960 683 1002; x_wconf 88' lang='lat' dir='ltr'><strong>his</strong></span> <span class='ocrx_word' id='word_1_88' title='bbox 711 959 818 1004; x_wconf 86' lang='lat' dir='ltr'><strong>viris</strong></span> <span class='ocrx_word' id='word_1_89' title='bbox 838 959 957 1001; x_wconf 90' lang='lat' dir='ltr'><strong>inter</strong></span> <span class='ocrx_word' id='word_1_90' title='bbox 987 973 1144 1001; x_wconf 91' lang='lat' dir='ltr'><strong>omnes</strong></span> <span class='ocrx_word' id='word_1_91' title='bbox 1165 959 1339 1022; x_wconf 75' lang='lat' dir='ltr'><strong>optime</strong></span> <span class='ocrx_word' id='word_1_92' title='bbox 1361 960 1469 1018; x_wconf 86' lang='lat' dir='ltr'><strong>egit:</strong></span> <span class='ocrx_word' id='word_1_93' title='bbox 1501 958 1576 1004; x_wconf 90' lang='lat' dir='ltr'><strong>‘In</strong></span> <span class='ocrx_word' id='word_1_94' title='bbox 1596 970 1713 1019; x_wconf 86' lang='lat' dir='ltr'><strong>poe-</strong></span> 
     </span>
     <span class='ocr_line' id='line_1_14' title="bbox 210 1022 1713 1086; baseline 0.001 -15"><span class='ocrx_word' id='word_1_95' title='bbox 210 1031 290 1081; x_wconf 89' lang='lat' dir='ltr'><strong>tis,</strong></span> <span class='ocrx_word' id='word_1_96' title='bbox 327 1030 405 1086; x_wconf 80' lang='lat' dir='ltr'><strong>qui</strong></span> <span class='ocrx_word' id='word_1_97' title='bbox 434 1030 579 1075; x_wconf 83' lang='lat' dir='ltr'><strong>Ovidii</strong></span> <span class='ocrx_word' id='word_1_98' title='bbox 608 1022 715 1074; x_wconf 82' lang='lat' dir='ltr'><strong>aevo</strong></span> <span class='ocrx_word' id='word_1_99' title='bbox 745 1026 919 1071; x_wconf 89' lang='lat' dir='ltr'><strong>bellum</strong></span> <span class='ocrx_word' id='word_1_100' title='bbox 945 1027 1203 1071; x_wconf 86' lang='lat' dir='ltr'><strong>Troianum</strong></span> <span class='ocrx_word' id='word_1_101' title='bbox 1232 1035 1310 1072; x_wconf 86' lang='lat' dir='ltr'><strong>aut</strong></span> <span class='ocrx_word' id='word_1_102' title='bbox 1339 1027 1515 1072; x_wconf 82' lang='lat' dir='ltr'><strong>fabulas</strong></span> <span class='ocrx_word' id='word_1_103' title='bbox 1540 1028 1713 1072; x_wconf 85' lang='lat' dir='ltr'><strong>Home--</strong></span> 
     </span>
    </p>
   </div>
   <div class='ocr_carea' id='block_1_4' title="bbox 213 1087 1714 1225">
    <p class='ocr_par' dir='ltr' id='par_1_5' title="bbox 213 1087 1714 1225">
     <span class='ocr_line' id='line_1_15' title="bbox 213 1087 1712 1156; baseline 0.001 -16"><span class='ocrx_word' id='word_1_104' title='bbox 213 1096 320 1140; x_wconf 88' lang='lat' dir='ltr'><strong>ricas</strong></span> <span class='ocrx_word' id='word_1_105' title='bbox 349 1096 618 1141; x_wconf 82' lang='lat' dir='ltr'><strong>carminibus</strong></span> <span class='ocrx_word' id='word_1_106' title='bbox 650 1087 989 1156; x_wconf 69' lang='lat' dir='ltr'><strong>exposuerunt,</strong></span> <span class='ocrx_word' id='word_1_107' title='bbox 1019 1110 1129 1154; x_wconf 86' lang='lat' dir='ltr'><strong>prae</strong></span> <span class='ocrx_word' id='word_1_108' title='bbox 1159 1097 1312 1145; x_wconf 80' lang='lat' dir='ltr'><strong>ceteris</strong></span> <span class='ocrx_word' id='word_1_109' title='bbox 1344 1099 1511 1141; x_wconf 91' lang='lat' dir='ltr'><strong>eminet</strong></span> <span class='ocrx_word' id='word_1_110' title='bbox 1536 1099 1712 1151; x_wconf 69' lang='lat' dir='ltr'><strong>Macer,</strong></span> 
     </span>
     <span class='ocr_line' id='line_1_16' title="bbox 214 1157 1714 1225; baseline 0.005 -21"><span class='ocrx_word' id='word_1_111' title='bbox 214 1164 271 1206; x_wconf 89' lang='lat' dir='ltr'><strong>ob</strong></span> <span class='ocrx_word' id='word_1_112' title='bbox 302 1164 390 1204; x_wconf 91' lang='lat' dir='ltr'><strong>hoc</strong></span> <span class='ocrx_word' id='word_1_113' title='bbox 416 1160 586 1211; x_wconf 67' lang='lat' dir='ltr'><strong>Iliacus</strong></span> <span class='ocrx_word' id='word_1_114' title='bbox 614 1165 799 1203; x_wconf 82' lang='lat' dir='ltr'><strong>vocatus</strong></span> <span class='ocrx_word' id='word_1_115' title='bbox 831 1162 885 1199; x_wconf 93' lang='lat' dir='ltr'><strong>ab</strong></span> <span class='ocrx_word' id='word_1_116' title='bbox 915 1163 1075 1201; x_wconf 75' lang='lat' dir='ltr'><strong>ovidio</strong></span> <span class='ocrx_word' id='word_1_117' title='bbox 1104 1164 1236 1202; x_wconf 86' lang='lat' dir='ltr'><strong>Pont.</strong></span> <span class='ocrx_word' id='word_1_118' title='bbox 1256 1163 1344 1214; x_wconf 87' lang='lat' dir='ltr'><strong>IV,</strong></span> <span class='ocrx_word' id='word_1_119' title='bbox 1375 1169 1456 1221; x_wconf 80' lang='lat'><strong>16,</strong></span> <span class='ocrx_word' id='word_1_120' title='bbox 1485 1157 1544 1221; x_wconf 60' lang='lat'><strong>6.&#39;,</strong></span> <span class='ocrx_word' id='word_1_121' title='bbox 1575 1181 1714 1225; x_wconf 90' lang='lat' dir='ltr'><strong>quem</strong></span> 
     </span>
    </p>
   </div>
   <div class='ocr_carea' id='block_1_5' title="bbox 211 1224 1715 2117">
    <p class='ocr_par' dir='ltr' id='par_1_6' title="bbox 211 1224 1715 2117">
     <span class='ocr_line' id='line_1_17' title="bbox 211 1224 1714 1288; baseline 0.002 -14"><span class='ocrx_word' id='word_1_122' title='bbox 211 1230 307 1274; x_wconf 88' lang='lat' dir='ltr'><strong>Nic.</strong></span> <span class='ocrx_word' id='word_1_123' title='bbox 338 1228 541 1272; x_wconf 85' lang='lat' dir='ltr'><strong>Heinsius</strong></span> <span class='ocrx_word' id='word_1_124' title='bbox 573 1224 787 1288; x_wconf 12' lang='lat' dir='ltr'><strong>adROvid.</strong></span> <span class='ocrx_word' id='word_1_125' title='bbox 816 1225 848 1271; x_wconf 89' lang='lat' dir='ltr'><strong>l.</strong></span> <span class='ocrx_word' id='word_1_126' title='bbox 873 1242 910 1269; x_wconf 88' lang='lat' dir='ltr'><strong>c.</strong></span> <span class='ocrx_word' id='word_1_127' title='bbox 942 1226 1119 1285; x_wconf 82' lang='lat' dir='ltr'><strong>duplex</strong></span> <span class='ocrx_word' id='word_1_128' title='bbox 1139 1243 1306 1287; x_wconf 87' lang='lat' dir='ltr'><strong>poema</strong></span> <span class='ocrx_word' id='word_1_129' title='bbox 1325 1229 1566 1275; x_wconf 84' lang='lat' dir='ltr'><strong>obsidionis</strong></span> <span class='ocrx_word' id='word_1_130' title='bbox 1590 1232 1714 1277; x_wconf 91' lang='lat' dir='ltr'><strong>Tro-</strong></span> 
     </span>
     <span class='ocr_line' id='line_1_18' title="bbox 212 1293 1713 1359; baseline 0.003 -19"><span class='ocrx_word' id='word_1_131' title='bbox 212 1299 358 1352; x_wconf 83' lang='lat' dir='ltr'><strong>ianae,</strong></span> <span class='ocrx_word' id='word_1_132' title='bbox 389 1293 497 1351; x_wconf 85' lang='lat' dir='ltr'><strong>sive,</strong></span> <span class='ocrx_word' id='word_1_133' title='bbox 527 1305 579 1339; x_wconf 90' lang='lat' dir='ltr'><strong>ut</strong></span> <span class='ocrx_word' id='word_1_134' title='bbox 600 1295 1038 1355; x_wconf 81' lang='lat' dir='ltr'><strong>HeyniusExcursu</strong></span> <span class='ocrx_word' id='word_1_135' title='bbox 1066 1295 1102 1340; x_wconf 92' lang='grc' dir='ltr'><strong>Ι.</strong></span> <span class='ocrx_word' id='word_1_136' title='bbox 1135 1297 1190 1339; x_wconf 87' lang='lat' dir='ltr'><strong>ad</strong></span> <span class='ocrx_word' id='word_1_137' title='bbox 1217 1297 1295 1340; x_wconf 88' lang='lat' dir='ltr'><strong>lib.</strong></span> <span class='ocrx_word' id='word_1_138' title='bbox 1318 1297 1376 1341; x_wconf 94' lang='grc' dir='ltr'><strong>Π.</strong></span> <span class='ocrx_word' id='word_1_139' title='bbox 1406 1300 1516 1343; x_wconf 89' lang='grc' dir='ltr'><strong>Α611.</strong></span> <span class='ocrx_word' id='word_1_140' title='bbox 1542 1317 1590 1359; x_wconf 82' lang='grc' dir='ltr'><strong>Ρ.</strong></span> <span class='ocrx_word' id='word_1_141' title='bbox 1610 1306 1713 1347; x_wconf 84' lang='grc'><strong>226.</strong></span> 
     </span>
     <span class='ocr_line' id='line_1_19' title="bbox 212 1363 1713 1427; baseline 0.003 -16"><span class='ocrx_word' id='word_1_142' title='bbox 212 1363 354 1425; x_wconf 80' lang='lat' dir='ltr'><strong>magis</strong></span> <span class='ocrx_word' id='word_1_143' title='bbox 385 1364 558 1419; x_wconf 86' lang='lat' dir='ltr'><strong>definit,</strong></span> <span class='ocrx_word' id='word_1_144' title='bbox 588 1363 934 1408; x_wconf 83' lang='lat' dir='ltr'><strong>Antehomerica</strong></span> <span class='ocrx_word' id='word_1_145' title='bbox 962 1372 1005 1408; x_wconf 90' lang='lat' dir='ltr'><strong>et</strong></span> <span class='ocrx_word' id='word_1_146' title='bbox 1026 1364 1363 1410; x_wconf 86' lang='lat' dir='ltr'><strong>Posthomerica</strong></span> <span class='ocrx_word' id='word_1_147' title='bbox 1392 1368 1616 1427; x_wconf 83' lang='lat' dir='ltr'><strong>scripsisse</strong></span> <span class='ocrx_word' id='word_1_148' title='bbox 1637 1371 1713 1416; x_wconf 88' lang='lat' dir='ltr'><strong>ait.</strong></span> 
     </span>
     <span class='ocr_line' id='line_1_20' title="bbox 213 1431 1710 1493; baseline 0.001 -14"><span class='ocrx_word' id='word_1_149' title='bbox 213 1434 555 1490; x_wconf 82' lang='lat' dir='ltr'><strong>Antehom&#39;erica</strong></span> <span class='ocrx_word' id='word_1_150' title='bbox 592 1439 782 1475; x_wconf 86' lang='lat' dir='ltr'><strong>testatur</strong></span> <span class='ocrx_word' id='word_1_151' title='bbox 815 1433 1000 1477; x_wconf 90' lang='lat' dir='ltr'><strong>Ovidius</strong></span> <span class='ocrx_word' id='word_1_152' title='bbox 1029 1433 1189 1477; x_wconf 88' lang='lat' dir='ltr'><strong>Amor.</strong></span> <span class='ocrx_word' id='word_1_153' title='bbox 1227 1431 1399 1488; x_wconf 76' lang='lat' dir='ltr'><strong>lib.&#39;II‚</strong></span> <span class='ocrx_word' id='word_1_154' title='bbox 1438 1441 1519 1490; x_wconf 82' lang='lat'><strong>18,</strong></span> <span class='ocrx_word' id='word_1_155' title='bbox 1551 1443 1648 1482; x_wconf 95' lang='lat'><strong>1—</strong></span> <span class='ocrx_word' id='word_1_156' title='bbox 1667 1443 1710 1493; x_wconf 70' lang='lat'><strong>3,</strong></span> 
     </span>
     <span class='ocr_line' id='line_1_21' title="bbox 213 1500 1713 1562; baseline 0.003 -14"><span class='ocrx_word' id='word_1_157' title='bbox 213 1504 333 1549; x_wconf 80' lang='lat' dir='ltr'><strong>Nam</strong></span> <span class='ocrx_word' id='word_1_158' title='bbox 362 1518 419 1547; x_wconf 87' lang='lat' dir='ltr'><strong>ex</strong></span> <span class='ocrx_word' id='word_1_159' title='bbox 447 1501 498 1545; x_wconf 86' lang='lat' dir='ltr'><strong>iis</strong></span> <span class='ocrx_word' id='word_1_160' title='bbox 529 1500 672 1546; x_wconf 87' lang='lat' dir='ltr'><strong>verbis</strong></span> <span class='ocrx_word' id='word_1_161' title='bbox 705 1500 868 1560; x_wconf 87' lang='lat' dir='ltr'><strong>liquet,</strong></span> <span class='ocrx_word' id='word_1_162' title='bbox 900 1509 1081 1545; x_wconf 82' lang='lat' dir='ltr'><strong>carmen</strong></span> <span class='ocrx_word' id='word_1_163' title='bbox 1112 1501 1224 1545; x_wconf 92' lang='lat' dir='ltr'><strong>illud</strong></span> <span class='ocrx_word' id='word_1_164' title='bbox 1259 1503 1396 1562; x_wconf 87' lang='lat' dir='ltr'><strong>egisse</strong></span> <span class='ocrx_word' id='word_1_165' title='bbox 1426 1505 1479 1549; x_wconf 92' lang='lat' dir='ltr'><strong>de</strong></span> <span class='ocrx_word' id='word_1_166' title='bbox 1503 1506 1713 1553; x_wconf 83' lang='lat' dir='ltr'><strong>coniura-</strong></span> 
     </span>
     <span class='ocr_line' id='line_1_22' title="bbox 216 1570 1713 1631; baseline 0.004 -15"><span class='ocrx_word' id='word_1_167' title='bbox 216 1575 338 1617; x_wconf 86' lang='lat' dir='ltr'><strong>tione</strong></span> <span class='ocrx_word' id='word_1_168' title='bbox 366 1573 643 1616; x_wconf 86' lang='lat' dir='ltr'><strong>Graecorum</strong></span> <span class='ocrx_word' id='word_1_169' title='bbox 673 1570 880 1631; x_wconf 87' lang='lat' dir='ltr'><strong>adversus</strong></span> <span class='ocrx_word' id='word_1_170' title='bbox 911 1571 1122 1625; x_wconf 84' lang='lat' dir='ltr'><strong>Troiam,</strong></span> <span class='ocrx_word' id='word_1_171' title='bbox 1153 1578 1196 1613; x_wconf 90' lang='lat' dir='ltr'><strong>et</strong></span> <span class='ocrx_word' id='word_1_172' title='bbox 1215 1570 1268 1614; x_wconf 93' lang='lat' dir='ltr'><strong>de</strong></span> <span class='ocrx_word' id='word_1_173' title='bbox 1288 1573 1422 1616; x_wconf 90' lang='lat' dir='ltr'><strong>rebus</strong></span> <span class='ocrx_word' id='word_1_174' title='bbox 1446 1576 1503 1618; x_wconf 89' lang='lat' dir='ltr'><strong>ad</strong></span> <span class='ocrx_word' id='word_1_175' title='bbox 1524 1577 1713 1621; x_wconf 87' lang='lat' dir='ltr'><strong>Troiam</strong></span> 
     </span>
     <span class='ocr_line' id='line_1_23' title="bbox 218 1638 1714 1702; baseline 0.004 -17"><span class='ocrx_word' id='word_1_176' title='bbox 218 1642 347 1702; x_wconf 84' lang='lat' dir='ltr'><strong>gestis</strong></span> <span class='ocrx_word' id='word_1_177' title='bbox 379 1655 522 1699; x_wconf 89' lang='lat' dir='ltr'><strong>usque</strong></span> <span class='ocrx_word' id='word_1_178' title='bbox 550 1638 604 1682; x_wconf 83' lang='lat' dir='ltr'><strong>ad</strong></span> <span class='ocrx_word' id='word_1_179' title='bbox 644 1639 760 1683; x_wconf 84' lang='lat' dir='ltr'><strong>iram</strong></span> <span class='ocrx_word' id='word_1_180' title='bbox 788 1639 993 1695; x_wconf 90' lang='lat' dir='ltr'><strong>Achillis,</strong></span> <span class='ocrx_word' id='word_1_181' title='bbox 1036 1640 1092 1684; x_wconf 93' lang='lat' dir='ltr'><strong>de</strong></span> <span class='ocrx_word' id='word_1_182' title='bbox 1122 1654 1211 1698; x_wconf 88' lang='lat' dir='ltr'><strong>qua</strong></span> <span class='ocrx_word' id='word_1_183' title='bbox 1239 1640 1430 1686; x_wconf 88' lang='lat' dir='ltr'><strong>Homeri</strong></span> <span class='ocrx_word' id='word_1_184' title='bbox 1464 1643 1583 1691; x_wconf 84' lang='lat' dir='ltr'><strong>Ilias.</strong></span> <span class='ocrx_word' id='word_1_185' title='bbox 1652 1647 1714 1691; x_wconf 82' lang='lat' dir='ltr'><strong>Et</strong></span> 
     </span>
     <span class='ocr_line' id='line_1_24' title="bbox 220 1705 1713 1767; baseline 0.003 -11"><span class='ocrx_word' id='word_1_186' title='bbox 220 1705 374 1756; x_wconf 80' lang='lat' dir='ltr'><strong>eadem</strong></span> <span class='ocrx_word' id='word_1_187' title='bbox 409 1709 559 1767; x_wconf 84' lang='lat' dir='ltr'><strong>Elegia</strong></span> <span class='ocrx_word' id='word_1_188' title='bbox 595 1723 638 1753; x_wconf 88' lang='lat' dir='ltr'><strong>v.</strong></span> <span class='ocrx_word' id='word_1_189' title='bbox 677 1712 749 1753; x_wconf 77' lang='lat'><strong>37.</strong></span> <span class='ocrx_word' id='word_1_190' title='bbox 788 1708 972 1753; x_wconf 86' lang='lat' dir='ltr'><strong>Ovidius</strong></span> <span class='ocrx_word' id='word_1_191' title='bbox 1001 1710 1176 1763; x_wconf 87' lang='lat' dir='ltr'><strong>innuit,</strong></span> <span class='ocrx_word' id='word_1_192' title='bbox 1216 1709 1425 1756; x_wconf 84' lang='lat' dir='ltr'><strong>Macrum</strong></span> <span class='ocrx_word' id='word_1_193' title='bbox 1452 1714 1501 1756; x_wconf 88' lang='lat' dir='ltr'><strong>in</strong></span> <span class='ocrx_word' id='word_1_194' title='bbox 1531 1731 1583 1758; x_wconf 91' lang='lat' dir='ltr'><strong>eo</strong></span> <span class='ocrx_word' id='word_1_195' title='bbox 1611 1732 1713 1759; x_wconf 87' lang='lat' dir='ltr'><strong>car-</strong></span> 
     </span>
     <span class='ocr_line' id='line_1_25' title="bbox 218 1768 1714 1843; baseline 0.003 -19"><span class='ocrx_word' id='word_1_196' title='bbox 218 1768 340 1824; x_wconf 82' lang='lat' dir='ltr'><strong>mine</strong></span> <span class='ocrx_word' id='word_1_197' title='bbox 370 1779 558 1838; x_wconf 74' lang='lat' dir='ltr'><strong>attigisse</strong></span> <span class='ocrx_word' id='word_1_198' title='bbox 588 1778 752 1821; x_wconf 87' lang='lat' dir='ltr'><strong>Paridis</strong></span> <span class='ocrx_word' id='word_1_199' title='bbox 792 1779 1063 1824; x_wconf 84' lang='lat' dir='ltr'><strong>adulterium</strong></span> <span class='ocrx_word' id='word_1_200' title='bbox 1101 1786 1144 1823; x_wconf 88' lang='lat' dir='ltr'><strong>et</strong></span> <span class='ocrx_word' id='word_1_201' title='bbox 1182 1778 1376 1825; x_wconf 85' lang='lat' dir='ltr'><strong>Helenae</strong></span> <span class='ocrx_word' id='word_1_202' title='bbox 1414 1791 1626 1843; x_wconf 85' lang='lat' dir='ltr'><strong>raptum,</strong></span> <span class='ocrx_word' id='word_1_203' title='bbox 1668 1792 1714 1829; x_wconf 86' lang='lat' dir='ltr'><strong>et</strong></span> 
     </span>
     <span class='ocr_line' id='line_1_26' title="bbox 219 1847 1715 1913; baseline 0.004 -21"><span class='ocrx_word' id='word_1_204' title='bbox 219 1857 417 1912; x_wconf 87' lang='lat' dir='ltr'><strong>mortem</strong></span> <span class='ocrx_word' id='word_1_205' title='bbox 436 1848 697 1891; x_wconf 85' lang='lat' dir='ltr'><strong>Laodamiae</strong></span> <span class='ocrx_word' id='word_1_206' title='bbox 718 1847 775 1890; x_wconf 94' lang='lat' dir='ltr'><strong>ob</strong></span> <span class='ocrx_word' id='word_1_207' title='bbox 792 1849 1008 1892; x_wconf 85' lang='lat' dir='ltr'><strong>maritum</strong></span> <span class='ocrx_word' id='word_1_208' title='bbox 1027 1849 1324 1893; x_wconf 84' lang='lat' dir='ltr'><strong>Protesilaum</strong></span> <span class='ocrx_word' id='word_1_209' title='bbox 1343 1852 1575 1906; x_wconf 83' lang='lat' dir='ltr'><strong>amissum,</strong></span> <span class='ocrx_word' id='word_1_210' title='bbox 1600 1869 1715 1913; x_wconf 86' lang='lat' dir='ltr'><strong>quae</strong></span> 
     </span>
     <span class='ocr_line' id='line_1_27' title="bbox 220 1915 1713 1981; baseline 0.005 -22"><span class='ocrx_word' id='word_1_211' title='bbox 220 1917 352 1974; x_wconf 79' lang='lat' dir='ltr'><strong>longe</strong></span> <span class='ocrx_word' id='word_1_212' title='bbox 381 1923 480 1959; x_wconf 79' lang='lat' dir='ltr'><strong>ante</strong></span> <span class='ocrx_word' id='word_1_213' title='bbox 509 1917 624 1959; x_wconf 85' lang='lat' dir='ltr'><strong>iram</strong></span> <span class='ocrx_word' id='word_1_214' title='bbox 651 1915 833 1959; x_wconf 85' lang='lat' dir='ltr'><strong>Achillis</strong></span> <span class='ocrx_word' id='word_1_215' title='bbox 860 1917 1127 1961; x_wconf 84' lang='lat' dir='ltr'><strong>acciderunt.</strong></span> <span class='ocrx_word' id='word_1_216' title='bbox 1185 1917 1394 1963; x_wconf 86' lang='lat' dir='ltr'><strong>Alterum</strong></span> <span class='ocrx_word' id='word_1_217' title='bbox 1419 1921 1561 1965; x_wconf 83' lang='lat' dir='ltr'><strong>Macri</strong></span> <span class='ocrx_word' id='word_1_218' title='bbox 1581 1937 1713 1981; x_wconf 88' lang='lat' dir='ltr'><strong>opus,</strong></span> 
     </span>
     <span class='ocr_line' id='line_1_28' title="bbox 223 1985 1714 2044; baseline 0.005 -15"><span class='ocrx_word' id='word_1_219' title='bbox 223 1985 558 2044; x_wconf 87' lang='lat' dir='ltr'><strong>Paralipomena</strong></span> <span class='ocrx_word' id='word_1_220' title='bbox 580 1986 765 2029; x_wconf 85' lang='lat' dir='ltr'><strong>Homeri</strong></span> <span class='ocrx_word' id='word_1_221' title='bbox 785 1985 1102 2044; x_wconf 84' lang='lat' dir='ltr'><strong>complexum,</strong></span> <span class='ocrx_word' id='word_1_222' title='bbox 1123 1986 1289 2031; x_wconf 85' lang='lat' dir='ltr'><strong>indicat</strong></span> <span class='ocrx_word' id='word_1_223' title='bbox 1308 1988 1492 2034; x_wconf 87' lang='lat' dir='ltr'><strong>Ovidius</strong></span> <span class='ocrx_word' id='word_1_224' title='bbox 1516 2006 1573 2035; x_wconf 87' lang='lat' dir='ltr'><strong>ex</strong></span> <span class='ocrx_word' id='word_1_225' title='bbox 1589 1992 1714 2036; x_wconf 90' lang='lat' dir='ltr'><strong>Pon-</strong></span> 
     </span>
     <span class='ocr_line' id='line_1_29' title="bbox 224 2048 1616 2117; baseline 0.004 -20"><span class='ocrx_word' id='word_1_226' title='bbox 224 2053 379 2098; x_wconf 88' lang='lat' dir='ltr'><strong>to·lib.</strong></span> <span class='ocrx_word' id='word_1_227' title='bbox 406 2053 461 2097; x_wconf 91' lang='lat' dir='ltr'><strong>II.</strong></span> <span class='ocrx_word' id='word_1_228' title='bbox 493 2054 621 2112; x_wconf 83' lang='lat' dir='ltr'><strong>epist.</strong></span> <span class='ocrx_word' id='word_1_229' title='bbox 655 2059 725 2099; x_wconf 16' lang='lat'><strong>10..</strong></span> <span class='ocrx_word' id='word_1_230' title='bbox 763 2054 818 2097; x_wconf 88' lang='lat' dir='ltr'><strong>ad</strong></span> <span class='ocrx_word' id='word_1_231' title='bbox 846 2053 967 2097; x_wconf 82' lang='lat' dir='ltr'><strong>huno</strong></span> <span class='ocrx_word' id='word_1_232' title='bbox 993 2054 1201 2099; x_wconf 89' lang='lat' dir='ltr'><strong>Macrum</strong></span> <span class='ocrx_word' id='word_1_233' title='bbox 1229 2058 1416 2117; x_wconf 87' lang='lat' dir='ltr'><strong>scripta,</strong></span> <span class='ocrx_word' id='word_1_234' title='bbox 1445 2075 1489 2104; x_wconf 84' lang='lat' dir='ltr'><strong>v.</strong></span> <span class='ocrx_word' id='word_1_235' title='bbox 1520 2048 1616 2105; x_wconf 58' lang='lat' dir='ltr'><strong>‘la-2</strong></span> 
     </span>
    </p>
   </div>
   <div class='ocr_carea' id='block_1_6' title="bbox 319 2134 1584 2267">
    <p class='ocr_par' dir='ltr' id='par_1_7' title="bbox 319 2134 1584 2267">
     <span class='ocr_line' id='line_1_30' title="bbox 319 2134 1482 2195; baseline 0.008 -18"><span class='ocrx_word' id='word_1_236' title='bbox 319 2137 321 2142; x_wconf 80' lang='grc'>’</span> <span class='ocrx_word' id='word_1_237' title='bbox 346 2134 417 2178; x_wconf 70' lang='lat' dir='ltr'><strong>Tu.</strong></span> <span class='ocrx_word' id='word_1_238' title='bbox 438 2135 566 2178; x_wconf 76' lang='lat' dir='ltr'><strong>canis</strong></span> <span class='ocrx_word' id='word_1_239' title='bbox 589 2142 770 2179; x_wconf 81' lang='lat' dir='ltr'><strong>aeterno</strong></span> <span class='ocrx_word' id='word_1_240' title='bbox 791 2135 1012 2195; x_wconf 78' lang='lat' dir='ltr'><strong>quidquid</strong></span> <span class='ocrx_word' id='word_1_241' title='bbox 1030 2137 1240 2182; x_wconf 82' lang='lat' dir='ltr'><strong>restabat</strong></span> <span class='ocrx_word' id='word_1_242' title='bbox 1258 2137 1482 2194; x_wconf 84' lang='lat' dir='ltr'><strong>Homero,</strong></span> 
     </span>
     <span class='ocr_line' id='line_1_31' title="bbox 399 2201 1584 2267; baseline 0.005 -20"><span class='ocrx_word' id='word_1_243' title='bbox 399 2201 469 2247; x_wconf 91' lang='lat' dir='ltr'><strong>Ne</strong></span> <span class='ocrx_word' id='word_1_244' title='bbox 490 2211 678 2247; x_wconf 79' lang='lat' dir='ltr'><strong>careant</strong></span> <span class='ocrx_word' id='word_1_245' title='bbox 698 2208 876 2263; x_wconf 81' lang='lat' dir='ltr'><strong>summa</strong></span> <span class='ocrx_word' id='word_1_246' title='bbox 904 2206 1074 2251; x_wconf 78' lang='lat' dir='ltr'><strong>Troica</strong></span> <span class='ocrx_word' id='word_1_247' title='bbox 1095 2207 1216 2252; x_wconf 77' lang='lat' dir='ltr'><strong>bella</strong></span> <span class='ocrx_word' id='word_1_248' title='bbox 1244 2224 1389 2254; x_wconf 77' lang='lat' dir='ltr'><strong>mana</strong></span> <span class='ocrx_word' id='word_1_249' title='bbox 1421 2210 1477 2267; x_wconf 86' lang='lat'><strong>2).</strong></span> <span class='ocrx_word' id='word_1_250' title='bbox 1520 2208 1524 2214; x_wconf 81' lang='lat'>&#39;</span> <span class='ocrx_word' id='word_1_251' title='bbox 1577 2263 1584 2266; x_wconf 24' lang='grc' dir='ltr'><strong><em>μ</em></strong></span> 
     </span>
    </p>
   </div>
   <div class='ocr_carea' id='block_1_7' title="bbox 228 2342 1755 2857">
    <p class='ocr_par' dir='ltr' id='par_1_8' title="bbox 228 2342 1755 2857">
     <span class='ocr_line' id='line_1_32' title="bbox 342 2342 1714 2401; baseline 0.009 -23"><span class='ocrx_word' id='word_1_252' title='bbox 342 2342 386 2390; x_wconf 81' lang='lat'><strong>2)</strong></span> <span class='ocrx_word' id='word_1_253' title='bbox 414 2345 470 2379; x_wconf 90' lang='lat' dir='ltr'><strong>De</strong></span> <span class='ocrx_word' id='word_1_254' title='bbox 490 2344 777 2381; x_wconf 86' lang='lat' dir='ltr'><strong>Posthomericis</strong></span> <span class='ocrx_word' id='word_1_255' title='bbox 796 2347 964 2384; x_wconf 81' lang='lat' dir='ltr'><strong>nonnulli</strong></span> <span class='ocrx_word' id='word_1_256' title='bbox 991 2349 1209 2388; x_wconf 80' lang='lat' dir='ltr'><strong>dubitarunt</strong></span> <span class='ocrx_word' id='word_1_257' title='bbox 1227 2354 1265 2388; x_wconf 96' lang='grc'><strong>61</strong></span> <span class='ocrx_word' id='word_1_258' title='bbox 1285 2363 1344 2389; x_wconf 80' lang='lat' dir='ltr'><strong>vv.</strong></span> <span class='ocrx_word' id='word_1_259' title='bbox 1367 2353 1539 2401; x_wconf 72' lang='lat' dir='ltr'><strong>quidquid</strong></span> <span class='ocrx_word' id='word_1_260' title='bbox 1558 2354 1714 2390; x_wconf 77' lang='lat' dir='ltr'><strong>restabat</strong></span> 
     </span>
     <span class='ocr_line' id='line_1_33' title="bbox 231 2401 1714 2458; baseline 0.009 -24"><span class='ocrx_word' id='word_1_261' title='bbox 231 2401 386 2436; x_wconf 84' lang='lat' dir='ltr'><strong>Homero</strong></span> <span class='ocrx_word' id='word_1_262' title='bbox 416 2402 462 2436; x_wconf 84' lang='lat' dir='ltr'><strong>de</strong></span> <span class='ocrx_word' id='word_1_263' title='bbox 482 2401 527 2436; x_wconf 85' lang='lat' dir='ltr'><strong>iis</strong></span> <span class='ocrx_word' id='word_1_264' title='bbox 540 2428 550 2445; x_wconf 88' lang='lat'><strong>,</strong></span> <span class='ocrx_word' id='word_1_265' title='bbox 580 2415 675 2446; x_wconf 84' lang='lat' dir='ltr'><strong>quae</strong></span> <span class='ocrx_word' id='word_1_266' title='bbox 697 2407 782 2438; x_wconf 78' lang='lat' dir='ltr'><strong>ante</strong></span> <span class='ocrx_word' id='word_1_267' title='bbox 794 2404 948 2439; x_wconf 82' lang='lat' dir='ltr'><strong>Achillis</strong></span> <span class='ocrx_word' id='word_1_268' title='bbox 969 2406 1181 2444; x_wconf 70' lang='lat' dir='ltr'><strong>iram&#39;facta</strong></span> <span class='ocrx_word' id='word_1_269' title='bbox 1203 2411 1391 2446; x_wconf 85' lang='lat' dir='ltr'><strong>Homerus</strong></span> <span class='ocrx_word' id='word_1_270' title='bbox 1408 2410 1714 2458; x_wconf 71' lang='lat' dir='ltr'><strong>praetermiserit,</strong></span> 
     </span>
     <span class='ocr_line' id='line_1_34' title="bbox 228 2456 1755 2506; baseline 0.009 -13"><span class='ocrx_word' id='word_1_271' title='bbox 228 2457 506 2494; x_wconf 81' lang='lat' dir='ltr'><strong>intellexerunt.</strong></span> <span class='ocrx_word' id='word_1_272' title='bbox 576 2459 649 2494; x_wconf 85' lang='lat' dir='ltr'><strong>Sed</strong></span> <span class='ocrx_word' id='word_1_273' title='bbox 671 2460 794 2495; x_wconf 74' lang='lat' dir='ltr'><strong>addita</strong></span> <span class='ocrx_word' id='word_1_274' title='bbox 814 2462 927 2496; x_wconf 79' lang='lat' dir='ltr'><strong>verba</strong></span> <span class='ocrx_word' id='word_1_275' title='bbox 952 2463 1008 2498; x_wconf 89' lang='lat' dir='ltr'><strong>Ne</strong></span> <span class='ocrx_word' id='word_1_276' title='bbox 1027 2472 1169 2501; x_wconf 79' lang='lat' dir='ltr'><strong>careant</strong></span> <span class='ocrx_word' id='word_1_277' title='bbox 1187 2479 1317 2503; x_wconf 84' lang='lat' dir='ltr'><strong>summo</strong></span> <span class='ocrx_word' id='word_1_278' title='bbox 1343 2471 1471 2506; x_wconf 76' lang='lat' dir='ltr'><strong>Troica</strong></span> <span class='ocrx_word' id='word_1_279' title='bbox 1493 2471 1585 2505; x_wconf 78' lang='lat' dir='ltr'><strong>bella</strong></span> <span class='ocrx_word' id='word_1_280' title='bbox 1605 2482 1714 2505; x_wconf 77' lang='lat' dir='ltr'><strong>manu</strong></span> <span class='ocrx_word' id='word_1_281' title='bbox 1746 2456 1755 2467; x_wconf 31' lang='grc' dir='ltr'>ἱ</span> 
     </span>
     <span class='ocr_line' id='line_1_35' title="bbox 231 2515 1713 2572; baseline 0.011 -24"><span class='ocrx_word' id='word_1_282' title='bbox 231 2515 278 2552; x_wconf 77' lang='lat' dir='ltr'><strong>ad</strong></span> <span class='ocrx_word' id='word_1_283' title='bbox 307 2519 514 2565; x_wconf 59' lang='lat' dir='ltr'><strong>extremum</strong></span> <span class='ocrx_word' id='word_1_284' title='bbox 541 2515 635 2550; x_wconf 83' lang='lat' dir='ltr'><strong>belli</strong></span> <span class='ocrx_word' id='word_1_285' title='bbox 665 2520 809 2561; x_wconf 75' lang='lat' dir='ltr'><strong>tempus</strong></span> <span class='ocrx_word' id='word_1_286' title='bbox 841 2523 1005 2561; x_wconf 76' lang='lat' dir='ltr'><strong>spectare</strong></span> <span class='ocrx_word' id='word_1_287' title='bbox 1025 2521 1207 2558; x_wconf 83' lang='lat' dir='ltr'><strong>videntur.</strong></span> <span class='ocrx_word' id='word_1_288' title='bbox 1237 2536 1271 2560; x_wconf 83' lang='lat' dir='ltr'><strong>v.</strong></span> <span class='ocrx_word' id='word_1_289' title='bbox 1302 2526 1476 2572; x_wconf 77' lang='lat' dir='ltr'><strong>Tychsen</strong></span> <span class='ocrx_word' id='word_1_290' title='bbox 1505 2529 1713 2564; x_wconf 75' lang='lat' dir='ltr'><strong>Commeat.</strong></span> 
     </span>
     <span class='ocr_line' id='line_1_36' title="bbox 231 2572 1715 2621; baseline 0.01 -14"><span class='ocrx_word' id='word_1_291' title='bbox 231 2572 277 2607; x_wconf 85' lang='grc'><strong>(16</strong></span> <span class='ocrx_word' id='word_1_292' title='bbox 298 2572 440 2618; x_wconf 75' lang='lat' dir='ltr'><strong>,Quinto</strong></span> <span class='ocrx_word' id='word_1_293' title='bbox 461 2573 666 2619; x_wconf 74' lang='lat' dir='ltr'><strong>Smyrnaeo</strong></span> <span class='ocrx_word' id='word_1_294' title='bbox 687 2584 723 2618; x_wconf 82' lang='lat' dir='ltr'><strong>p.</strong></span> <span class='ocrx_word' id='word_1_295' title='bbox 744 2574 934 2610; x_wconf 79' lang='lat' dir='ltr'><strong>xxxvnl.</strong></span> <span class='ocrx_word' id='word_1_296' title='bbox 991 2576 1089 2612; x_wconf 80' lang='lat' dir='ltr'><strong>Mira</strong></span> <span class='ocrx_word' id='word_1_297' title='bbox 1121 2583 1175 2614; x_wconf 84' lang='lat' dir='ltr'><strong>est</strong></span> <span class='ocrx_word' id='word_1_298' title='bbox 1204 2585 1329 2616; x_wconf 80' lang='lat' dir='ltr'><strong>autem</strong></span> <span class='ocrx_word' id='word_1_299' title='bbox 1356 2583 1535 2620; x_wconf 77' lang='lat' dir='ltr'><strong>Richardi</strong></span> <span class='ocrx_word' id='word_1_300' title='bbox 1564 2585 1715 2621; x_wconf 81' lang='lat' dir='ltr'><strong>Ghand-</strong></span> 
     </span>
     <span class='ocr_line' id='line_1_37' title="bbox 230 2621 1715 2686; baseline 0.011 -22"><span class='ocrx_word' id='word_1_301' title='bbox 230 2621 303 2664; x_wconf 77' lang='lat' dir='ltr'><strong>leri</strong></span> <span class='ocrx_word' id='word_1_302' title='bbox 323 2624 530 2679; x_wconf 74' lang='lat' dir='ltr'><strong>sententia,</strong></span> <span class='ocrx_word' id='word_1_303' title='bbox 556 2628 620 2675; x_wconf 86' lang='lat' dir='ltr'><strong>qui</strong></span> <span class='ocrx_word' id='word_1_304' title='bbox 643 2623 692 2662; x_wconf 72' lang='grc' dir='ltr'><strong>τὰ</strong></span> <span class='ocrx_word' id='word_1_305' title='bbox 711 2625 806 2673; x_wconf 80' lang='grc' dir='ltr'><strong><em>μεθ’</em></strong></span> <span class='ocrx_word' id='word_1_306' title='bbox 819 2624 1010 2675; x_wconf 77' lang='grc' dir='ltr'><strong><em>”Ομηρον,</em></strong></span> <span class='ocrx_word' id='word_1_307' title='bbox 1039 2645 1133 2677; x_wconf 82' lang='lat' dir='ltr'><strong>quae</strong></span> <span class='ocrx_word' id='word_1_308' title='bbox 1155 2635 1292 2682; x_wconf 82' lang='lat' dir='ltr'><strong>Quinto</strong></span> <span class='ocrx_word' id='word_1_309' title='bbox 1316 2639 1520 2686; x_wconf 80' lang='lat' dir='ltr'><strong>Smyrnaeo</strong></span> <span class='ocrx_word' id='word_1_310' title='bbox 1542 2642 1715 2678; x_wconf 78' lang='lat' dir='ltr'><strong>tribuun-</strong></span> 
     </span>
     <span class='ocr_line' id='line_1_38' title="bbox 230 2685 1715 2741; baseline 0.004 -18"><span class='ocrx_word' id='word_1_311' title='bbox 230 2690 314 2730; x_wconf 85' lang='lat' dir='ltr'><strong>tur,</strong></span> <span class='ocrx_word' id='word_1_312' title='bbox 343 2685 505 2724; x_wconf 76' lang='lat' dir='ltr'><strong>aMacro</strong></span> <span class='ocrx_word' id='word_1_313' title='bbox 529 2687 665 2733; x_wconf 81' lang='lat' dir='ltr'><strong>scripta</strong></span> <span class='ocrx_word' id='word_1_314' title='bbox 681 2692 763 2722; x_wconf 73' lang='lat' dir='ltr'><strong>‘esse</strong></span> <span class='ocrx_word' id='word_1_315' title='bbox 786 2687 952 2724; x_wconf 86' lang='lat' dir='ltr'><strong>coniecit.</strong></span> <span class='ocrx_word' id='word_1_316' title='bbox 972 2701 1005 2725; x_wconf 85' lang='lat' dir='ltr'><strong>v.</strong></span> <span class='ocrx_word' id='word_1_317' title='bbox 1028 2691 1202 2737; x_wconf 75' lang='lat' dir='ltr'><strong>Tychsen</strong></span> <span class='ocrx_word' id='word_1_318' title='bbox 1223 2695 1250 2729; x_wconf 92' lang='lat' dir='ltr'><strong>l.</strong></span> <span class='ocrx_word' id='word_1_319' title='bbox 1274 2706 1304 2730; x_wconf 89' lang='lat' dir='ltr'><strong>c.</strong></span> <span class='ocrx_word' id='word_1_320' title='bbox 1326 2708 1363 2741; x_wconf 82' lang='lat' dir='ltr'><strong>p.</strong></span> <span class='ocrx_word' id='word_1_321' title='bbox 1381 2698 1491 2735; x_wconf 82' lang='lat' dir='ltr'><strong>XXII.</strong></span> <span class='ocrx_word' id='word_1_322' title='bbox 1521 2719 1568 2725; x_wconf 94' lang='lat'><strong>—-</strong></span> <span class='ocrx_word' id='word_1_323' title='bbox 1597 2700 1715 2734; x_wconf 85' lang='lat' dir='ltr'><strong>Tem-</strong></span> 
     </span>
     <span class='ocr_line' id='line_1_39' title="bbox 230 2745 1715 2797; baseline 0.009 -18"><span class='ocrx_word' id='word_1_324' title='bbox 230 2756 312 2789; x_wconf 81' lang='lat' dir='ltr'><strong>pus,</strong></span> <span class='ocrx_word' id='word_1_325' title='bbox 340 2757 414 2790; x_wconf 83' lang='lat' dir='ltr'><strong>quo</strong></span> <span class='ocrx_word' id='word_1_326' title='bbox 434 2746 563 2781; x_wconf 77' lang='lat' dir='ltr'><strong>Macer</strong></span> <span class='ocrx_word' id='word_1_327' title='bbox 581 2746 676 2780; x_wconf 81' lang='lat' dir='ltr'><strong>haec</strong></span> <span class='ocrx_word' id='word_1_328' title='bbox 704 2745 868 2796; x_wconf 73' lang='lat' dir='ltr'><strong>carmina</strong></span> <span class='ocrx_word' id='word_1_329' title='bbox 888 2746 1095 2791; x_wconf 85' lang='lat' dir='ltr'><strong>scripserit,</strong></span> <span class='ocrx_word' id='word_1_330' title='bbox 1124 2748 1349 2797; x_wconf 83' lang='lat' dir='ltr'><strong>ignoramus.</strong></span> <span class='ocrx_word' id='word_1_331' title='bbox 1406 2755 1465 2789; x_wconf 83' lang='lat' dir='ltr'><strong>Ex</strong></span> <span class='ocrx_word' id='word_1_332' title='bbox 1486 2755 1609 2791; x_wconf 77' lang='lat' dir='ltr'><strong>ovidii</strong></span> <span class='ocrx_word' id='word_1_333' title='bbox 1628 2757 1715 2791; x_wconf 86' lang='lat' dir='ltr'><strong>loco</strong></span> 
     </span>
     <span class='ocr_line' id='line_1_40' title="bbox 230 2802 1717 2857; baseline 0.007 -21"><span class='ocrx_word' id='word_1_334' title='bbox 230 2805 355 2838; x_wconf 83' lang='lat' dir='ltr'><strong>autem</strong></span> <span class='ocrx_word' id='word_1_335' title='bbox 378 2803 559 2852; x_wconf 80' lang='lat' dir='ltr'><strong>colligere</strong></span> <span class='ocrx_word' id='word_1_336' title='bbox 581 2802 692 2847; x_wconf 88' lang='lat' dir='ltr'><strong>licet,</strong></span> <span class='ocrx_word' id='word_1_337' title='bbox 713 2802 999 2840; x_wconf 78' lang='lat' dir='ltr'><strong>Antehomerica</strong></span> <span class='ocrx_word' id='word_1_338' title='bbox 1020 2803 1117 2841; x_wconf 79' lang='lat' dir='ltr'><strong>circa</strong></span> <span class='ocrx_word' id='word_1_339' title='bbox 1138 2818 1171 2843; x_wconf 79' lang='lat' dir='ltr'><strong>a.</strong></span> <span class='ocrx_word' id='word_1_340' title='bbox 1192 2806 1273 2844; x_wconf 77' lang='lat'><strong>745.</strong></span> <span class='ocrx_word' id='word_1_341' title='bbox 1298 2811 1501 2857; x_wconf 76' lang='lat' dir='ltr'><strong>composita</strong></span> <span class='ocrx_word' id='word_1_342' title='bbox 1521 2825 1613 2849; x_wconf 82' lang='lat' dir='ltr'><strong>esse.</strong></span> <span class='ocrx_word' id='word_1_343' title='bbox 1641 2812 1717 2848; x_wconf 88' lang='lat' dir='ltr'><strong>Ne-</strong></span> 
     </span>
    </p>
   </div>
  </div>
 </body>
</html>
