1928 3186
666 629 1105 729 'cAP.1.

154 818 246 866 De
287 825 582 884 tempore,
627 835 741 883 quo
785 820 843 868 P.
895 820 1158 870 Ovidius
1203 821 1371 871 Naso
1405 822 1655 887 Episto-

154 902 279 962 las,
334 902 756 966 Tragoedias,
807 903 1083 961 Amores,
1129 904 1342 952 Artem
1385 906 1655 955 Aman'di

408 991 465 1033 et
497 985 798 1033 Remedia
831 985 1078 1034 Amoris
1112 985 1399 1035 ediderit.

153 1213 338 1293 Ovidii
356 1246 587 1307 Epistolae
614 1245 671 1290 ad
701 1260 753 1291 ea
783 1248 983 1290 carmina
1003 1248 1257 1307 pertinent,
1287 1263 1402 1307 quae
1421 1255 1558 1308 poeta
1576 1249 1652 1294 iu-

148 1318 272 1365 venis
303 1317 586 1377 composuit,
615 1331 820 1377 quaeque
846 1323 1039 1377 propter
1066 1326 1389 1378 argumentum
1416 1318 1480 1362 abv
1494 1334 1651 1365 amore

147 1395 360 1431 sumtum
389 1387 625 1430 amatoria
651 1386 737 1429 dici
764 1394 969 1446 possunt.
1028 1386 1210 1431 Mature
1238 1387 1294 1430 ad
1320 1402 1369 1430 ea
1390 1402 1438 1431 se
1457 1403 1650 1433 conver-

145 1458 228 1513 tit,
258 1466 394 1517 atque
425 1456 496 1501 ab·
511 1469 629 1501 anno
654 1456 865 1501 vicesimo
894 1455 1095 1500 secundo
1116 1457 1267 1501 aetatis
1288 1471 1434 1516 usque
1454 1457 1511 1503 ad
1532 1473 1650 1517 qua-

146 1528 453 1586 dragesimum
491 1526 678 1569 tertium
715 1526 764 1568 in
800 1525 886 1569 hac
920 1526 1107 1568 materia
1140 1534 1340 1571 versatus
1370 1534 1449 1569 aut
1477 1529 1648 1571 amoris

143 1612 300 1641 sensus
330 1594 601 1653 affectusque
630 1593 861 1653 descripsit
881 1599 959 1636 aut
977 1592 1070 1636 eius
1093 1601 1137 1637 et
1156 1594 1349 1652 parandi
1369 1602 1413 1638 et
1434 1594 1647 1640 abiicien-

145 1666 192 1710 di
219 1672 456 1725 praecepta
484 1664 614 1708 dedit.
673 1662 853 1706 Etenim
883 1661 938 1705 ab
968 1677 1086 1705 anno
1116 1666 1217 1707 732.
1248 1677 1295 1706 u.
1326 1679 1363 1707 c.
1395 1664 1646 1709 Corinnam

145 1736 338 1780 amicam
370 1731 596 1777 celebrare
623 1731 793 1791 coepit,
823 1729 1185 1789 carminibusque
1222 1731 1399 1791 populo
1428 1733 1645 1779 innotuit.

141 1803 235 1850 vid.
263 1804 422 1847 Amor.
452 1801 542 1856 ΙΙΙ,
572 1805 624 1855 1,
653 1804 725 1845 53.
755 1807 799 1844 et
820 1799 959 1844 Trist.
992 1798 1082 1852 IV,
1111 1804 1192 1853 1⁰,
1222 1804 1448 1847 57.-6o.
1506 1802 1645 1857 Quo-

141 1887 252 1918 rum
292 1872 550 1916 carminum
588 1869 733 1915 multa
771 1876 928 1929 postea
965 1868 1148 1924 delevit,
1187 1869 1362 1928 reliqua
1400 1879 1554 1916 autem
1592 1872 1643 1917 in

140 1942 373 1986 Amorum
409 1939 550 1982 libros
589 1939 795 1997 collegit,
824 1938 989 1996 quibus
1024 1946 1176 1981 tamen
1205 1940 1338 1982 etiam
1368 1940 1453 1983 alia
1481 1940 1643 1985 diversi

142 2009 398 2068 argumenti
424 2007 684 2053 immiscuit.
742 2007 1012 2066 Priusquam
1038 2006 1154 2051 hanc
1184 2009 1421 2052 materiam
1441 2008 1641 2068 reliquit,

148 2075 443 2137 Tragoedias
459 2078 593 2121 edidit
604 2085 736 2136 atque
743 2078 790 2122 E
782 2076 983 2136 pistolas
995 2084 1037 2119 et
1044 2076 1210 2121 Artem
1216 2077 1432 2122 Amandi
1444 2079 1561 2121 scrib
1567 2094 1642 2124 ere

142 2163 373 2207 aggressus
396 2155 473 2192 est.
492 2147 581 2192 vid.
610 2146 767 2190 Amor.
796 2145 876 2199 III,
905 2149 946 2199 1,
975 2149 1045 2191 27.
1070 2160 1183 2205 sqq„
1212 2144 1270 2200 II,
1302 2150 1343 2200 1,
1374 2151 1442 2192 11.
1471 2160 1568 2206 sqq.
1598 2155 1659 2192 et.

140 2216 210 2271 ΙΙ,
241 2223 313 2262 18.
354 2218 434 2260 His
454 2216 666 2260 absolutis
688 2224 731 2259 et
760 2217 885 2259 editis
915 2216 1104 2273 denique
1130 2215 1357 2261 Remedia
1376 2217 1568 2261 Amoris
1598 2224 1643 2261 et

140 2284 263 2331 haud
293 2285 426 2329 dubie
455 2286 588 2329 etiam
606 2284 924 2332 Medicamina
943 2285 1105 2330 Faciei
1134 2285 1313 2341 addidit,
1340 2294 1383 2331 et
1406 2302 1524 2331 anno
1545 2285 1642 2331 sere

140 2359 239 2400 755.
272 2356 326 2399 ab
355 2370 400 2398 u.
431 2371 468 2399 c.
508 2354 564 2398 ad
601 2355 769 2399 Fastos
798 2356 1281 2416 Bletamorplzosesque
1319 2372 1366 2400 se
1405 2357 1640 2403 convertit.

139 2424 228 2469 vid.
262 2424 399 2467 Trist.
429 2423 473 2478 Ι,
502 2428 555 2477 7,
586 2428 656 2468 13.
679 2439 792 2483 sqq„
821 2423 889 2478 ΙΙ,
917 2427 1015 2469 549.
1038 2432 1081 2469 et
1105 2423 1193 2479 III,
1224 2430 1305 2479 14,
1332 2431 1404 2471 19.
1425 2443 1525 2486 sqq.
1572 2426 1643 2471 Ut

139 2501 292 2536 autem
323 2492 528 2536 ordinem
560 2495 817 2537 carminum
839 2501 959 2537 certo
980 2494 1216 2549 novimus,
1246 2495 1314 2539 ita*>
1326 2496 1501 2555 singula
1523 2499 1641 2555 poe-

138 2570 261 2606 mata
283 2562 412 2604 certis
435 2561 584 2615 annis,
620 2562 783 2619 quibus
809 2562 922 2606 edita
942 2563 1055 2617 sint,
1086 2563 1334 2608 adscribere
1357 2565 1546 2610 difficile-
1559 2571 1636 2608 est.

139 2631 234 2686 Qui
263 2631 383 2674 enim
415 2629 565 2674 adhuc
594 2630 648 2674 de
680 2630 751 2674 his
780 2632 913 2677 rebus
932 2634 1229 2693 scripserunt,
1259 2650 1354 2678 non
1375 2634 1462 2677 nisi
1480 2634 1638 2676 Artem

137 2700 334 2745 Mandi
371 2707 414 2743 et
452 2699 666 2743 Remedia
694 2702 875 2745 Amoris
916 2704 1045 2746 certis
1087 2704 1212 2747 annis
1249 2703 1552 2760 assignarunt,
1595 2708 1639 2743 et

138 2769 468 2831 Epistolarum‚
499 2769 860 2829 Tragoediarum
889 2780 934 2817 et
960 2775 1190 2818 Amorum
1218 2779 1398 2831 tempus
1426 2769 1477 2813 in
1499 2767 1637 2811 dubio

1261 2841 1301 2885 A
1329 2845 1359 2886 2
