1928 3186
714 62 1120 111 ..unffi-«2

169 189 420 249 ⁴Quaeque
433 185 551 234 mihi
572 184 732 254 Circe,
759 197 882 246 quae
908 185 967 232 sit
986 179 1121 232 inihi
1134 180 1297 234 caussa
1316 179 1569 252 Calypso,
1592 182 1680 235 45

244 270 524 317 Iamdudum
554 268 717 330 ignoto
749 268 1000 315 sollicitere
1031 275 1171 319 metu.

177 340 317 399 C'erte
328 367 419 415 ego
430 366 535 402 cum
542 342 797 437 Antinoum
805 351 1130 413 Polybumque
1136 349 1456 413 Medontaque
1473 351 1586 416 legi,

179 495 365 542 syllabam
385 494 537 530 brevem
561 497 759 536 exeuntem
771 520 792 539 ,
812 493 919 531 ouius
940 493 1213 532 terminationis
1235 494 1283 531 ab
1297 493 1382 531 aliis
1401 464 1565 548 quoque
1570 494 1681 531 dubi-

180 557 280 588 tatae
303 553 499 588 innumera
528 554 702 600 exempla
732 554 943 610 leguntur?
982 555 1040 594 An
1060 553 1219 599 denique
1243 552 1359 596 trium
1378 553 1613 589 verborum·
1601 566 1640 589 ιιι
1655 566 1680 590 a

180 611 428 647 desinentium
451 611 621 659 ingratus
643 613 757 647 sonus
785 613 876 648 eum
906 611 1110 649 offendit?
1119 612 1163 649 Id
1181 615 1284 648 certe
1309 611 1349 647 in
1370 622 1499 648 caussa
1514 611 1611 656 fuit,
1638 617 1684 648 ut

180 668 358 704 Heinsius
386 669 493 705 Ovid.
524 669 643 715 Epist.
676 671 795 714 xlx,-
810 664 870 707 63.
901 682 922 706 e
955 672 1102 715 duobus
1138 670 1249 706 libus
1266 670 1463 718 scriberet.
1501 671 1684 717 Multaque

179 731 369 772 praeterea
389 729 538 775 linguae
556 729 737 764 reticenda
757 730 959 773 modestae,
988 740 1216 775 quamquam
1234 727 1373 773 reliqui
1393 727 1505 771 libri,
1532 732 1684 773 praeter

179 784 342 820 Putean.
366 790 405 822 et
424 785 582 828 Mentel.
602 787 757 829 modeste
789 786 1028 829 exhibentes,
1063 785 1103 822 in
1139 787 1227 821 lect.
1257 787 1386 832 lingua
1414 786 1572 834 modesta
1594 798 1684 832 cou-

180 841 360 886 sentiunt.
418 843 494 879 Sed
525 842 658 889 eodem
679 843 792 890 modo
812 843 985 890 Propert.
1004 843 1078 888 IV,
1105 842 1151 892 1,
1179 841 1285 880 132.=
1313 844 1425 880 libera
1445 848 1561 886 sumta
1580 848 1684 895 toga.

184 899 315 945 Quint.
339 900 486 948 Smyrn.
497 901 559 944 IV,
581 883 695 937 396..
726 894 1065 946 ἆμφιτετρυμμένα
1090 896 1271 945 τύμματα
1296 896 1684 953 nduca-Offl.h1e-

181 961 262 994 tam
280 957 492 1002 vl1‚2o4.=
525 959 685 1008 Vivaque
702 971 792 997 saxa
812 971 879 995 sua
897 960 1129 1007 convulsaque
1147 959 1277 995 robora
1297 963 1405 996 terra.
1441 959 1596 1010 Metam.
1616 948 1687 1007 III,

181 1013 264 1051 52:
299 1018 432 1053 Tristia
442 1018 642 1063 sanguinea
659 1019 863 1053 lambentem
882 1019 1029 1053 vulnera
1048 1023 1156 1052 terra.
1187 1018 1296 1052 Conf.
1317 1017 1435 1063 Epist.
1446 1002 1489 1060 V,
1511 1002 1584 1060 1.6,
1599 1018 1685 1052 Me·

183 1076 272 1109 tam.
294 1074 355 1118 IV,
383 1073 481 1117 109.,
507 1073 605 1119 440.,
633 1075 676 1119 V,
696 1072 796 1119 572„
824 1075 885 1119 11,
903 1073 1001 1119 368.,
1021 1075 1101 1118 V,11
1128 1073 1227 1119 421,
1254 1074 1350 1119 vm,
1379 1073 1477 1119 814.
1495 1072 1592 1125 836.,
1619 1075 1686 1119 ΙΧ,

182 1130 279 1176 127.,
307 1131 413 1177 634.,
441 1133 514 1176 xl,
543 1131 627 1170 444.
657 1137 696 1169 et
717 1145 813 1180 quae
831 1133 959 1173 notavi
985 1133 1033 1169 ad
1061 1132 1154 1169 Met.
1173 1121 1214 1177 1',
1242 1124 1350 1180 299.,
1378 1134 1439 1177 IV,
1467 1131 1563 1185 522.
1581 1134 1686 1177 «nx,

183 1189 234 1232 3.,
264 1191 310 1225 ad
331 1190 467 1226 Horat.
490 1190 559 1226 od.
578 1191 649 1235 1v.‚
677 1190 724 1235 6,
752 1190 788 1227 6.
819 1194 858 1227 et
874 1191 1009 1238 xirgil.
1028 1191 1121 1227 Aen.
1142 1191 1214 1236 VI,
1231 1176 1315 1226 310.
1343 1192 1387 1226 In
1409 1178 1593 1243 eiusmodi
1611 1191 1685 1226 mi-

183 1247 297 1286 nutiis
317 1252 465 1284 veteres
487 1248 687 1296 scriptores
713 1252 780 1286 aut
796 1261 884 1285 raro
908 1253 973 1288 aut
994 1260 1198 1298 numquam
1218 1239 1432 1299 haeserunt.
1489 1249 1533 1285 In
1554 1249 1685 1286 multis

184 1305 280 1341 locis
302 1310 449 1349 autem,
479 1305 576 1341 sicut
607 1306 714 1343 Ovid.
735 1307 807 1352 Ep.
825 1307 930 1350 XIX,
959 1305 1038 1349 63„
1075 1307 1216 1341 frustra
1247 1305 1360 1341 etiam
1390 1296 1573 1341 nostrates
1602 1317 1685 1342 mu-

182 1361 266 1397 lum
298 1374 432 1399 sonum
464 1362 752 1409 quaesiverunt,
789 1376 902 1410 quem
932 1367 1079 1413 veteres
1102 1363 1247 1401 diversa
1268 1363 1500 1410 syllabarum
1518 1376 1684 1410 pronun-

183 1419 342 1457 tiatione
372 1421 549 1459 vitarunt.
586 1422 662 1459 vid.
691 1422 928 1469 Peerlkamp.
960 1422 1000 1459 in
1025 1421 1209 1470 Biblioth.
1241 1421 1333 1459 Crit.
1368 1421 1471 1459 Nova
1507 1422 1619 1459 Tom.
1643 1422 1682 1460 J.

298 1546 358 1586 45.
389 1537 599 1586 Swarthius
622 1562 644 1586 e
666 1549 794 1586 codice
814 1562 883 1586 suo
906 1549 1090 1586 correxit:
1106 1553 1212 1585 cauta
1224 1550 1391 1595 Calypso..
1415 1547 1496 1585 Nic.
1507 1549 1684 1587 Heinsius

183 1606 320 1643 suasit:
341 1621 427 1644 cura
439 1610 515 1644 Cal.
546 1610 627 1645 vel:
659 1611 802 1655 Quaeve
818 1620 940 1644 morae
963 1609 1076 1652 Circe,
1104 1620 1194 1654 quae
1212 1608 1260 1643 eit
1277 1608 1365 1643 nuihi
1383 1619 1508 1645 caussa
1521 1609 1683 1653 Calypso.

185 1664 260 1699 Sed
291 1666 403 1701 facile
432 1660 510 1702 α’πὸ
539 1665 611 1702 τοῦ
641 1665 773 1701 κοινοῦ
798 1665 963 1712 intelligi
993 1671 1118 1712 potest
1145 1677 1269 1701 caussa
1290 1666 1477 1709 morandi,
1506 1669 1549 1716 ut
1568 1666 1684 1701 Eich-

182 1721 323 1758 hoffius
343 1727 446 1759 recte
467 1724 642 1760 verterit:
676 1725 798 1760 Welch
816 1725 1028 1759 Hinderniss
1047 1736 1119 1769 sey.
1157 1724 1279 1768 Atque
1298 1722 1438 1758 rectius
1460 1722 1573 1758 etiam
1583 1724 1682 1759 Len-

183 1780 316 1825 nepius
336 1782 433 1817 haec
452 1782 551 1817 dicta
572 1793 652 1817 esse
675 1786 782 1828 putat
798 1793 866 1827 pro
885 1781 1059 1828 vulgari.
1080 1793 1171 1828 quae
1188 1782 1236 1817 sit
1255 1781 1350 1817 milas·
1362 1791 1488 1817 caussa
1506 1779 1595 1876 [req
1615 1789 1684 1818 neq·

181 1837 380 1884 cessitudo]
396 1851 473 1874 οιι-ιη
496 1840 660 1887 Calypso.

296 1905 356 1944 47.
387 1908 451 1944 Sic
471 1909 600 1945 locum
621 1901 724 1944 recte
742 1902 906 1944 restituit
926 1906 1055 1944 Aldus.
1084 1907 1184 1944 Edit.
1203 1907 1294 1943 Ven.
1306 1905 1431 1943 1486..
1463 1919 1541 1943 cum
1561 1909 1682 1954 alcyo-

182 1975 264 2000 num
278 1967 503 2014 polibumque
523 1969 757 2014 meduntaque
778 1967 864 2013 leg-i.
895 1965 1116 2002 ven.1492.·
1135 1963 1591 2013 cumanthznoumpoltbum
1607 1978 1683 2003 me-

183 2024 371 2071 duntaque.
404 2025 513 2061 Conf.
537 2025 644 2061 ovid.
666 2025 786 2071 Epist.
809 2025 850 2068 1,
882 2024 956 2067 91.,
983 2024 1050 2059 ubi
1071 2024 1201 2059 itidem
1221 2023 1340 2059 libri·
1328 2036 1368 2059 ιιι
1390 2024 1450 2059 his
1470 2021 1684 2060 nominibus

183 2080 349 2126 variant,
379 2085 445 2117 sed
468 2082 544 2118 iam
575 2083 759 2130 Egnatius
787 2086 890 2117 recte
918 2081 1104 2117 restituit:
1135 2082 1229 2126 Quid
1251 2082 1316 2116 tibi
1342 2082 1553 2116 Pisandrum
1576 2080 1683 2127 Poly-

182 2138 328 2185 bumque
348 2142 587 2187 Medontaque
612 2142 729 2175 dirum
748 2140 1030 2185 Eurymachique
1049 2139 1179 2174 avidas
1199 2139 1413 2185 Antinoique
1432 2149 1558 2173 manue
1578 2144 1684 2186 atque

182 2196 275 2231 alios
299 2200 465 2242 reseram.
478 2224 489 2242 ,
520 2198 620 2243 quod
656 2198 843 2233 codicibus
877 2196 1027 2243 optimis
1058 2196 1337 2242 comprobatur.
1394 2196 1683 2234 Verum-haese-

183 2257 273 2288 runt
292 2254 450 2302 interpp.
470 2256 508 2290 in
527 2256 597 2291 illo
618 2256 704 2291 loco
718 2280 728 2298 ‚
758 2267 843 2290 cum
863 2256 997 2291 Medon
1015 2255 1064 2289 ab
1082 2255 1250 2289 Homero
1272 2254 1403 2301 Odyss.
1423 2247 1454 2298 χ’
1467 2280 1479 2297 ,
1506 2253 1590 2290 367.
1610 2254 1683 2290 mi-

184 2310 232 2346 tis
245 2336 256 2353 ‚
283 2316 320 2347 et
338 2314 385 2348 ab
410 2313 542 2349 ovidio
566 2315 667 2349 dirus
687 2313 844 2350 dicatur.
882 2313 990 2349 Unde
1009 2312 1214 2348 Waddelus
1234 2308 1450 2348 Animadvv.
1462 2312 1555 2349 crit.
1573 2325 1609 2359 p.
1622 2312 1682 2349 87.

184 2369 366 2405 correxit:
400 2372 492 2415 Quid
518 2373 583 2407 tibi
603 2372 816 2407 Pisandrum
844 2367 1334 2417 ffllybumqueuedomaque
1357 2366 1483 2406 dicam.
1541 2371 1683 2407 Contra

183 2426 441 2474 Mariangelus
473 2428 669 2465 Accnrsius
703 2424 938 2464 ‹ex-Homer.
959 2429 1029 2464 011.
1057 2425 1104 2473 χ’,
1140 2427 1224 2464 242.
1247 2432 1295 2464 -et
1324 2427 1409 2464 284.
1450 2428 1683 2464 emendavitz

184 2486 281 2529 Quid
303 2483 369 2520 tibi
388 2487 618 2528 Pisandrum,
648 2488 815 2531 Polybo-m
833 2482 1196 2532 Amphimedontaque
1219 2486 1358 2528 dirum,
1383 2485 1450 2520 cui
1467 2482 1685 2522 lectioni-ut

185 2542 424 2578 xxc-Sabinus
448 2543 636 2585 obstaret,
665 2543 902 2578 Burmannus
923 2544 971 2578 ad
987 2542 1159 2588 Propert.
1165 2544 1250 2586 ··1v‚
1276 2540 1323 2587 5,
1350 2542 1386 2578 7.
1399 2542 1555 2579 -suasitr
1580 2545 1684 2581 Certe

180 2613 250 2647 ego
277 2612 356 2636 cum
386 2602 616 2643 Antinoum,
625 2601 804 2652 Polybum-
820 2601 1178 2646 Amphimedontaque
1198 2601 1284 2646 legi.
1318 2600 1432 2635 Sed
1462 2601 1624 2637 Ovidius·
1638 2602 1683 2636 iu

181 2657 251 2693 illa
271 2658 479 2708 Epistola
465 2670 504 2692 ιιι
529 2657 702 2702 pluribus
724 2655 781 2692 ab
790 2658 961 2692 Homero
976 2656 1138 2691 discedit·
1161 2655 1253 2702 [vid.
1273 2667 1326 2692 ve.
1348 2655 1406 2693 15.
1423 2657 1483 2694 64-
1504 2656 1626 2705 imm}
1639 2661 1682 2695 et
1720 2703 1722 2705 Ι

177 2712 374 2764 vulgatam
392 2713 595 2752 lectionem
616 2719 767 2762 praeter
788 2714 1009 2758 Heinsium,
1029 2715 1293 2750 Burmannum
1313 2720 1351 2752 et
1360 2711 1592 2762 Lennepium
1612 2717 1682 2752 du·-

173 2775 265 2814 dum
287 2774 522 2814 vindicarunt
548 2774 749 2809 Schrader.
772 2773 811 2809 in
822 2772 982 2808 Miscell.
1003 2773 1210 2808 observatt.
1234 2773 1315 2809 vol.
1335 2774 1394 2810 Vl.
1420 2774 1476 2809 T.
1488 2774 1517 2810 1.
1533 2785 1574 2821 p.
1586 2771 1682 2817 Νι,
