1928 3186
814 113 1211 156 -4-......

201 280 204 284 .
266 223 559 296 reliquerant.
615 226 744 294 Nam·
760 227 891 272 emm
918 223 1005 269 nisi
1041 238 1091 269 ea
1121 230 1224 269 ante
1250 221 1411 267 Artem
1437 202 1631 266 mandi
1659 216 1763 267 vu]-

202 296 209 309 ²
266 314 367 366 gata
393 301 560 348 essein
588 304 824 357 comperto
853 294 1111 353 habemus„
1148 293 1276 347 Quae
1303 290 1490 350 quidem
1508 291 1661 334 emnia
1680 303 1766 349 per

267 390 315 420 se
341 371 396 418 ad
425 383 575 416 meam
605 365 955 426 disputationem
985 376 1081 405 non
1108 360 1360 421 pertinent,
1390 358 1466 404 sed
1493 367 1648 408 tamen
1675 357 1767 402 hoc

177 441 188 447 ’
266 445 367 489 loco
395 446 635 502 propterea
661 432 959 494 praetermitti
984 445 1081 474 non
1117 425 1337 490 possunt,
1377 427 1508 486 quod
1535 427 1767 487 Epistola-
1829 444 1837 451 ·

267 527 374 558 rum
403 508 624 553 editarum
652 512 833 562 tempus
862 500 916 545 ab
936 500 1164 545 Amorum
1193 507 1236 545 et
1263 499 1385 544 Artis
1408 497 1613 553 editione,
1642 496 1767 540 Artis

268 588 419 626 autem
439 575 570 621 editio
595 589 619 617 a
638 571 859 616 Remediis
879 571 1060 615 Amoris
1082 570 1261 632 pendet.
1308 569 1461 625 Quare
1476 566 1687 628 primum
1713 565 1768 609 de

266 647 489 696 Remediis
519 653 562 689 et
588 643 696 688 Arte
723 642 943 694 Amandi,
980 649 1084 685 tum
1126 640 1181 684 de
1208 638 1455 683 Amoribus
1491 646 1536 683 et
1563 637 1768 696 Tragoe-

269 718 374 772 diis,
405 714 597 771 denique
629 711 682 754 de
709 709 922 770 Epistolis
952 704 1276 769 disputandum
1308 714 1388 752 est.

384 782 607 830 Remedia
626 780 816 826 Amoris
845 795 964 823 anno
992 795 1040 823 u.
1064 796 1101 824 c.
1129 782 1230 825 754.
1250 777 1430 837 vulgata
1449 792 1564 831 esse,
1596 776 1771 840 optime

271 843 523 899 docuerunt
550 851 755 894 Norisius
786 849 842 892 de
871 849 1121 908 Cenotaph.
1151 849 1295 891 Pisan.
1324 863 1370 906 p.
1391 852 1490 892 248.
1521 854 1566 891 et
1590 846 1770 890 Masso-

269 936 367 967 nusv
383 922 432 965 in
459 919 554 964 Iani
581 918 755 980 templo
785 925 981 962 reserato
1012 934 1059 978 p.
1079 921 1178 963 347.
1209 931 1308 975 sqq.
1337 923 1381 961 et
1408 916 1514 961 Vita
1544 915 1692 960 Ovidii
1718 931 1768 975 p.

270 997 369 1036 123.
408 1005 523 1048 ειη.
565 989 689 1040 116111ν
713 995 995 1043 ῒθβῑαῐηερεῐ
1024 988 1209 1043 Ovidius
1237 987 1358 1045 ipse,
1406 986 1504 1045 qui,
1523 985 1652 1030 Rem.
1683 999 1770 1030 vss.

269 1063 370 1106 155.
400 1062 498 1104 156.
523 1057 721 1117 scripsit:

354 1128 476 1175 Ecce
490 1125 655 1186 fugax
680 1127 902 1181 Parthus,
932 1126 1101 1184 magni
1127 1142 1254 1170 nova
1282 1141 1444 1169 caussa
1476 1125 1713 1185 triumphi,

414 1196 524 1241 Iam
551 1196 683 1240 videt
719 1196 770 1239 in
798 1195 975 1254 campis
1008 1194 1223 1239 Caesaris
1254 1211 1391 1240 arma
1418 1195 1526 1239 suis.

268 1266 440 1311 Iudicat
468 1272 622 1319 autem
650 1263 851 1317 bellum,
883 1263 1006 1321 quod
1037 1264 1116 1307 illo
1147 1261 1265 1316 anno
1286 1278 1314 1308 a
1333 1264 1441 1308 Caio
1459 1263 1651 1319 Caesare
1666 1279 1771 1308 cum

270 1335 444 1379 Parthis
474 1341 653 1391 gestum
680 1341 763 1377 est.
832 1332 876 1375 Is
908 1334 1028 1376 onim
1059 1348 1166 1395 cum
1209 1350 1247 1377 a.
1275 1338 1376 1378 749.
1413 1341 1569 1391 togam
1596 1334 1774 1377 virilem

271 1403 501 1448 sumsisset
530 1409 573 1445 et
601 1402 810 1460 princeps
830 1402 1085 1446 ‘iuventutis
1105 1401 1256 1457 factus
1272 1411 1397 1456 esset,
1423 1417 1544 1448 vanno
1564 1406 1671 1449 752.
1684 1416 1774 1447 ex-

271 1471 420 1518 tremo
440 1478 530 1514 aut
551 1474 653 1515 753.
675 1471 882 1525 ineunte,
913 1471 1065 1513 aetatis
1083 1471 1414 1516 undevicesimo
1427 1502 1440 1525 ,
1474 1470 1668 1516 adhunc
1690 1479 1774 1517 ex·-

271 1541 549 1603 peditionem
577 1554 624 1582 se
653 1539 855 1583 accinxit.
886 1553 928 1583 v.
961 1538 1119 1584 Vellei.
1148 1540 1317 1585 Patere.
1345 1539 1391 1583 ΙΙ
1400 1571 1419 1595 ,-
1446 1544 1544 1586 100.
1576 1548 1620 1585 et
1649 1540 1775 1585 Mas-

273 1609 517 1655 son...'.I'ani
544 1608 703 1667 templ.
731 1624 779 1667 p.
807 1613 907 1653 321.
939 1623 1038 1668 sqq.
1097 1610 1308 1654 Primum
1338 1617 1490 1653 autem
1517 1610 1577 1653 ad
1604 1610 1776 1654 Istrum

273 1680 502 1739 legionum
521 1677 865 1738 spectandarum
881 1693 1033 1722 caussa
1053 1694 1101 1722 se
1117 1678 1362 1722 vcontulisse
1379 1678 1635 1725 videtur.›v.-
1650 1679 1776 1732 Mas-

276 1765 372 1793 son.
400 1749 431 1792 1.
456 1749 492 1791 c.
523 1764 573 1806 p.
597 1751 696 1792 339·-
718 1762 812 1804 sqq.
873 1747 999 1789 Tum
1028 1764 1112 1806 per
1125 1748 1365 1791 Graeciam
1393 1757 1436 1791 et
1456 1749 1669 1802 Samum,
1686 1750 1777 1793 'ubi

276 1818 483 1862 Tiberius
508 1831 613 1859 eum
643 1814 847 1858 convenit
875 1816 943 1870 [v.
968 1815 1151 1861 Sueton.
1174 1816 1327 1862 Tiber.
1346 1818 1467 1872 12.],
1497 1817 1778 1862 inArabi'ar'n

277 1886 505 1947 profectus
544 1884 770 1927 tumultus
797 1884 977 1928 bellicos
1012 1885 1075 1928 ibi
1104 1888 1377 1947 composuit.
1414 1902 1457 1932 v.
1486 1887 1600 1932 Ptin.
1617 1887 1689 1932 Ἠ.
1717 1887 1777 1931 Ν.

279 1956 368 2010 VI,
397 1959 466 2000 27.
492 1959 560 2000 28.
591 1961 633 1997 et
656 1952 858 1998 Messon.
876 1953 919 1996 ·1.
955 1970 991 1997 c.
1022 1971 1068 2014 p.
1091 1959 1194 2001 344.
1252 1959 1385 2000 Anno
1406 1958 1505 2001 754.
1527 1956 1575 1999 in
1596 1956 1779 2000 Oriente

283 2024 570 2068 consulatum
597 2023 695 2065 iniit
723 2030 766 2066 et
792 2023 913 2067 ultra
940 2022 1051 2068 fines
1078 2025 1307 2068 extremos
1327 2024 1490 2084 populi
1510 2024 1708 2069 Romani
1728 2025 1778 2069 in

282 2091 556 2135 Parthorum
585 2091 753 2149 eampis
780 2090 953 2134 bellum
981 2093 1136 2150 gessit,
1176 2093 1303 2150 quod
1339 2100 1441 2136 ante
1471 2108 1647 2137 annum
1665 2096 1776 2139 755.

285 2161 485 2204 medium
514 2174 623 2219 pace
649 2158 831 2203 finitum
851 2152 950 2204 'esse
977 2169 1098 2205 recte
1127 2161 1282 2205 docuit
1309 2162 1515 2209 Norisius
1553 2161 1586 2205 1.
1618 2177 1654 2205 c.
1683 2162 1777 2207 vid.

287 2228 482 2272 Masson.
511 2244 557 2287 p.
578 2231 679 2272 347.
703 2236 746 2271 et
765 2233 863 2275 350.
894 2230 1047 2285 Quam
1065 2247 1224 2290 pacem
1247 2246 1353 2275 cum
1374 2238 1510 2292 poeta
1528 2246 1624 2275 non
1647 2247 1777 2276 com·-

286 2297 634 2351 memoraverit,
665 2297 740 2340 sed
767 2313 829 2343 VS.
852 2304 952 2345 224.
1002 2300 1223 2345 Parthum
1252 2301 1404 2347 adhuc
1421 2300 1681 2362 fugientem
1703 2302 1778 2356 in-
1842 2354 1847 2359 .

290 2364 494 2419 duxerit,
522 2365 726 2410 Norisius
755 2358 995 2413 editionem
1024 2385 1141 2415 anno
1163 2374 1265 2420 754.
1292 2371 1522 2432 prodiisse·
1536 2370 1633 2417 non
1661 2370 1778 2416 male

292 2432 484 2491 collegit.
648 2473 651 2475 ,
1126 2448 1144 2477 Α·
1693 2475 1696 2478 ⁴

407 2501 503 2546 Ars
511 2502 724 2545 Amandi
742 2502 820 2546 ill-o
845 2519 959 2549 anno
978 2508 1067 2550 iam
1089 2508 1323 2560 editafuit,
1346 2518 1391 2554 et
1400 2511 1529 2554 Rem.
1546 2515 1615 2556 12.
1629 2527 1779 2570 prae-

291 2570 475 2615 teritam
502 2587 621 2631 opus*
646 2573 925 2632 appellatur,
966 2590 1103 2635 quam
1131 2584 1283 2620 tamen
1310 2587 1447 2637 poeta
1475 2588 1579 2624 ante
1609 2594 1781 2625 annum

292 2644 392 2685 744.
410 2639 599 2683 seribere
610 2642 689 2685 vix
711 2658 937 2700 aggressus
960 2652 1035 2686 est.
1073 2645 1259 2689 Duobus
1280 2648 1400 2691 enim
1422 2649 1469 2692 in
1491 2649 1600 2693 locis
1626 2649 1689 2704 [I,
1706 2654 1780 2694 69.

295 2723 395 2766 sqq.
415 2716 458 2751 et
477 2707 554 2762 III,
577 2713 676 2754 391.
699 2712 813 2769 sqq.]
837 2712 983 2755 Liviae
1005 2720 1047 2770 et
1068 2713 1268 2759 Octaviae
1284 2717 1483 2775 porticus
1512 2725 1556 2760 et
1583 2716 1782 2761 Marcelli

293 2776 524 2823 theatrum
545 2777 699 2834 afferat
719 2795 865 2839 neque
884 2780 990 2826 haec
1008 2791 1302 2830 monumenta
1322 2792 1562 2844 tamquam·
1577 2785 1781 2840 recentia,
