1928 3186
758 113 1162 158 ...n-..163⁶—

214 242 377 273 naevos
398 226 447 278 in
465 227 517 271 iis
541 225 741 281 amabat,
772 225 962 280 illorum
978 226 1218 288 vituperiis
1237 226 1300 272 ita
1314 225 1588 283 deterritum
1608 245 1713 284 esse,

214 305 268 342 ut
305 305 460 341 totum
498 296 753 340 carminum
793 311 912 356 opus
951 296 1101 339 denuo
1130 296 1282 345 incudi
1312 297 1587 357 imponelz‘et.
1646 300 1715 345 Ut

213 373 366 411 autem
396 365 712 410 emendationis
742 365 1147 416 caussamnullam
1184 364 1428 421 habemus,
1461 367 1529 411 sic
1567 383 1714 427 neque

212 438 364 481 ullum
374 436 513 479 huius
529 436 593 478 rei
612 435 925 478 testimonium
936 442 1121 494 praeter
1137 434 1250 477 illud
1268 436 1562 495 epigramma,
1585 436 1713 494 quod

213 506 372 550 dubiae
388 504 777 564 interpretationis
808 511 898 556 est,
927 504 1072 547 nobis..
1087 504 1301 551 innotuit.
1360 506 1408 549 Si
1440 520 1547 549 vero
1577 513 1714 564 poeta

214 576 412 634 quinque
441 574 579 619 libros
599 573 760 626 edidit,
788 573 868 617 vix
888 572 1084 623 dubitari
1103 582 1276 634 potest,
1307 575 1418 636 quin
1434 574 1506 622 ,illi
1519 574 1567 618 in
1585 573 1713 618 mul-

204 652 381 693 torum,
397 658 558 687 manus
586 642 812 696 venerint,
833 650 877 693 et
897 642 1054 686 multis
1075 643 1410 704 &templaribus
1430 643 1647 703 descripti
1669 650 1713 687 et

212 713 451 775 propagati
461 714 561 758 sint.
575 710 862 756 Offendimur
881 711 1033 771 igitur,
1050 713 1174 771 quod
1187 714 1303 758 inter
1312 721 1385 760 tot
1406 713 1575 760 codices
1586 727 1712 767 msc„

212 785 376 844 quibus
397 783 586 836 secunda
604 782 736 843 editio
763 783 818 826 ad
836 797 919 825 nos
938 782 1082 837 venit,
1105 782 1258 826 nullus
1275 792 1482 843 repertus
1511 792 1600 837 est,
1631 784 1711 843 qui

213 854 391 914 primae
421 852 489 908 vel
526 852 802 897 levissimum
843 851 1081 909 vestigium
1111 852 1449 918 minimumque
1476 853 1712 913 fragmen.

214 932 317 967 tum
346 922 567 972 exhibeat.
625 920 767 978 Magis
796 922 1047 973 miramur,
1077 922 1202 978 quod
1223 922 1384 966 Seneca
1394 950 1415 977 ,A
1441 923 1712 977 Quinctilia-

213 1005 301 1037 nus
321 991 501 1051 aliique,
531 990 609 1049 qui
625 990 820 1033 nimium
847 989 1011 1048 ingenii
1035 991 1333 1050 impetumvet,
1342 993 1555 1043 materiae
1572 991 1712 1037 uber-

214 1070 354 1106 tatem
381 1061 503 1106 haud
530 1076 635 1104 raro
664 1061 713 1104 in
743 1060 901 1105 Ovidio
927 1059 1609 1120 ,reprehenderuntzrnusquam
1639 1059 1732 1109 (Ji-J

213 1131 427 1191 ligentem
440 1145 613 1195 ‘curam
649 1129 916 1183 laudarunt,
958 1144 1096 1191 quam
1132 1123 1212 1174 ille
1248 1130 1297 1174 in
1324 1131 1553 1177 Amorum
1584 1130 1709 1175 libris

215 1200 283 1246 bis
314 1201 490 1252 edendis
530 1199 749 1248 adhibuit.
818 1199 996 1243 Eorum
1035 1199 1155 1250 enim
1182 1207 1390 1260 tempore
1418 1200 1547 1260 prior
1576 1201 1708 1245 editio

216 1267 424 1329 profecto
453 1269 663 1312 nondum
690 1271 752 1312 ita
786 1268 953 1319 obolita
984 1279 1073 1311 esse
1101 1270 1275 1328 potuit,
1314 1263 1369 1313 ut
1400 1270 1709 1328 eamvignora-

213 1346 334 1389 rent,
399 1337 599 1387 Maxime
632 1345 786 1382 autem
842 1337 1130 1388 mirationem
1170 1337 1296 1392 facit,
1340 1339 1464 1397 qnod
1510 1339 1709 1393 Ovidius,

216 1407 419 1465 qui-tam
447 1406 636 1449 libenter
666 1405 720 1449 de
749 1405 1020 1457 carminibus
1050 1407 1139 1449 suis
1169 1406 1411 1465 gloriatur,
1441 1416 1621 1468 praeter
1648 1409 1709 1453 il-

213 1475 295 1520 lud
320 1475 602 1533 'epigramma
630 1489 865 1532 nunquam
893 1475 1058 1533 prioris
1089 1476 1295 1525 editionis
1330 1479 1608 1526 mentionem
1636 1479 1709 1522 fe-

210 1544 274 1590 cit
293 1548 316 1569 ·¹
331 1544 386 1601 ⁵).
455 1542 670 1597 Quamvis
712 1544 830 1587 enim
867 1544 995 1588 iniis
1025 1543 1156 1597 lociS,
1193 1544 1242 1587 in
1270 1545 1436 1603 quibus
1465 1547 1709 1592 commoda

209 1613 598 1668 ‚commemorandi
628 1614 912 1672 opportuitas
940 1612 1051 1665 fuit,
1090 1628 1185 1656 non
1221 1614 1453 1671 haeream,
1491 1625 1598 1659 sunt
1636 1625 1707 1661 ta-

211 1695 319 1733 men
358 1680 469 1732 loci,
509 1681 557 1723 in
595 1682 757 1740 quibus
789 1681 908 1725 illius
937 1681 1109 1722 mentio
1138 1682 1217 1726 vix
1246 1697 1295 1725 ac
1323 1691 1382 1727 ne
1409 1684 1489 1727 vix
1518 1684 1707 1743 quidem

138 1771 145 1774 ·
211 1751 507 1811 praetermitti
558 1742 748 1810 potuit.¹
804 1750 1040 1805 Eiusmodi
1077 1750 1204 1794 locus
1245 1760 1310 1796 est
1347 1753 1445 1798 Art.
1483 1754 1584 1799 Am.
1614 1754 1705 1809 ΠΙ,

209 1825 312 1867 339.
342 1817 454 1879 sqq),
485 1819 563 1862 ubi
590 1820 638 1862 in
666 1820 853 1863 lectione
880 1827 1121 1878 poctarum
1142 1821 1495 1867 commendanda
1518 1837 1624 1866 suos
1645 1823 1706 1867 li-

210 1889 325 1944 bros,
357 1896 611 1943 enumerat,
652 1888 730 1933 sed
770 1897 923 1948 aperte
959 1896 1050 1932 tres
1088 1896 1276 1933 tantum‘
1305 1891 1535 1938 Amor-um
1563 1892 1704 1942 libros

210 1957 365 2000 laudat
391 1973 536 2014 neque
565 1958 752 2000 alteram
782 1959 1046 2010 editionem,
1076 1973 1189 2016 quae
1218 1966 1369 2000 tamen
1397 1961 1540 2018 magis
1565 1977 1705 2019 quam

212 2024 439 2085 Epjstolae
478 2026 532 2069 ad
571 2042 670 2069 rem
708 2025 913 2080 faciebat,
951 2027 1089 2070 verbo
1120 2037 1463 2076 commemorat·
1504 2053 1564 2061 —
1612 2031 1703 2074 Has

211 2093 348 2151 igitur
378 2094 436 2137 ob
466 2109 634 2138 caussas
664 2095 862 2152 quinque
890 2095 1116 2139 librorum
1148 2096 1404 2145 editionem,
1420 2098 1703 2142 reiiciendam

212 2175 305 2207 esse
332 2175 512 2217 censeo,
540 2177 687 2222 neque
715 2163 925 2210 Ovidium
953 2164 1033 2213 illo
1067 2164 1391 2227 epigrammate
1417 2165 1538 2212 aliud
1569 2166 1703 2227 quid-

326 2324 395 2374 15)
423 2328 479 2364 De
500 2327 618 2376 priori
639 2328 801 2367 editione
821 2341 896 2369 non
916 2331 1080 2382 intelligi
1100 2335 1224 2381 potest
1256 2334 1384 2372 Amor.
1412 2333 1481 2372 lib.
1500 2333 1568 2372 111.
1601 2334 1700 2383 eleg.

212 2383 335 2429 1.‚-in
354 2396 429 2430 qua
449 2390 558 2431 poeta
580 2397 620 2422 se
649 2387 725 2423 iam
744 2393 829 2425 ante
849 2391 946 2432 hanc
967 2392 1131 2438 elegiam
1162 2388 1386 2429 carminibus
1425 2393 1616 2431 amatoriis
1642 2393 1702 2429 in-

213 2440 402 2484 notuisse,
441 2445 609 2478 testatur.
678 2444 855 2489 Quamvis
888 2448 987 2483 enim
1008 2448 1076 2484 illa
1112 2450 1229 2485 verba
1268 2461 1337 2496 per
1373 2450 1564 2497 prolepsin
1604 2450 1703 2486 dicta

213 2510 290 2534 non
306 2498 551 2545 accipiamus,
579 2503 703 2536 tamen
726 2502 925 2542 editionem
943 2506 1149 2548 carminum
1170 2518 1246 2542 non
1264 2508 1493 2549 confirment.
1550 2508 1702 2544 Etenim

213 2556 390 2599 Ovidius,
413 2555 557 2592 etiamsi
576 2556 713 2591 horum
725 2559 928 2595 carminum
947 2562 1138 2597 volumina
1159 2563 1323 2602 nondum
1335 2558 1568 2613 vulgaverat,
1585 2566 1702 2600 Amo-

211 2624 298 2648 rum
319 2617 431 2659 poeta
460 2612 664 2648 innotuisse
685 2616 830 2659 potuit,
859 2618 959 2661 quod
979 2629 1025 2654 ex
1055 2618 1159 2653 illius
1189 2616 1367 2665 temporis
1391 2622 1536 2658 ratione
1559 2626 1597 2658 et
1615 2633 1700 2657 mu-

211 2674 279 2707 tuo
300 2673 498 2717 poetarum
520 2671 741 2707 commercio
772 2673 883 2708 facile
912 2672 1148 2722 intelligitur.
1178 2676 1286 2713 Conf.
1318 2677 1401 2715 Am.
1422 2680 1481 2723 11,
1508 2678 1568 2715 18.
1603 2679 1701 2715 vPo*-

211 2732 333 2765 terant
353 2728 467 2765 etiam
486 2728 635 2776 singula
647 2729 809 2767 carmina
827 2730 865 2766 in
877 2730 1059 2777 populum
1080 2732 1259 2779 evasisse,
1286 2736 1387 2783 quod
1404 2736 1563 2774 fortasse
1572 2736 1700 2773 Amor.

210 2785 289 2830 m,
317 2786 362 2830 1,
390 2784 448 2823 53.
479 2786 665 2824 indicavit.
696 2787 804 2824 Conf.
828 2788 942 2826 Trist.
965 2789 1035 2834 IV,
1062 2789 1131 2836 1⁰,
1159 2789 1220 2828 57.
