1928 3186
759 94 1168 159 -32--1

207 210 389 256 nullum
417 208 465 253 in
492 204 685 269 poetam
704 206 920 261 meritum
950 204 1131 249 habent.
1187 203 1473 251 Melius-rem
1493 207 1700 267 egitNic.

206 280 439 333 Heinsius,
480 278 560 337 qui
597 276 731 336 plura
761 276 932 334 egregie
961 274 1227 320 emendavit.
1288 275 1374 319 Sed
1404 276 1625 323 aberravit
1651 278 1700 322 in

207 349 440 407 eosquod
467 346 638 399 multa,
680 360 794 404 quae
833 360 938 388 sana
956 381 961 385 ,
979 352 1127 397 erant,
1167 345 1385 400 inutavit,
1425 344 1510 390 alia
1548 355 1699 390 autem

204 419 376 464 levibus
405 415 795 461 emendationibus
823 414 1016 458 sananda
1036 413 1244 458 audacter
1265 416 1476 460 correxit.
1535 416 1700 462 Gravi-

204 498 275 533 ter
305 498 457 532 autem
486 484 812 544 vituperandus
854 493 941 537 est,
972 485 1097 543 quod
1127 485 1337 529 editiones
1356 486 1545 530 Venetas
1575 486 1699 540 duas,

208 575 319 619 quas
346 558 400 602 ad
430 571 594 600 manus
624 554 795 606 habuit,
824 553 1201 613 negligentissime
1231 554 1478 610 consuluit,
1510 563 1553 600 et
1570 556 1699 600 Nau-

208 629 435 687 gerianam
463 626 771 669 recensionem
800 623 934 665 nimis
964 639 1118 682 presse
1143 634 1320 669 secutus
1348 633 1426 669 est.
1484 627 1599 669 Hinc
1623 642 1700 669 ac-

206 697 338 750 cidit,
370 703 421 739 ut
449 695 620 754 aliquot
647 694 696 737 in
725 693 833 736 locis
853 704 950 735 non
976 699 1072 736 tam
1098 695 1305 739 vitiosam
1332 695 1536 740 editionis
1564 695 1699 756 prin·
1742 739 1763 752 ,¹

207 766 315 825 cipis
344 765 582 808 lectionem
620 762 886 820 corrigeret,
927 776 1066 820 quam
1094 763 1196 807 Aldi
1225 773 1269 809 et
1296 765 1511 824 Naugerii
1546 766 1699 810 conie-

208 844 357 881 cturas
389 833 650 879 coniecturis
690 832 960 877 sollicitaret.
1018 832 1070 876 Id
1108 833 1232 892 quod
1269 833 1445 878 clarius·
1468 835 1700 896 apparebit

210 922 269 950 ex
298 906 489 949 editione
517 920 616 947 mea
627 926 647 957 ,·
672 904 796 946 cuius
836 903 1064 961 specimen
1105 919 1213 947 cum
1251 907 1575 950 commentario
1607 908 1700 949 cri-

207 977 299 1020 tico
335 974 496 1027 {addidi
528 973 588 1031 ⁴).
646 972 940 1016 Burmannus
990 987 1154 1033 paucas
1189 973 1360 1017 Heinsii
1399 975 1698 1020 correctiones

208 1046 443 1097 refutavit,
483 1043 561 1087 sed
597 1043 752 1102 plures
787 1042 842 1086 de
882 1058 965 1086 suo
1001 1042 1181 1086 addidit:
1248 1044 1506 1088 Accuratius
1548 1046 1697 1099 etiam,

212 1131 350 1176 quam
379 1114 474 1167 ille,
517 1111 710 1156 contulit
746 1111 956 1155 editiones
975 1110 1198 1166 Aldinam,
1228 1110 1625 1175 Bersmannianam
1655 1124 1699 1160 et

210 1186 485 1236 Plantinam,
515 1182 636 1225 unde
662 1189 815 1224 tamen
843 1181 913 1223 his
944 1181 1153 1239 Epistolis
1182 1198 1278 1224 non
1305 1182 1507 1240 multum
1543 1186 1698 1229 auxilii

211 1254 362 1316 parari
407 1252 576 1312 potuit.
651 1250 864 1294 Ceterum
909 1257 1033 1293 tanta
1077 1251 1340 1295 morositate
1378 1259 1422 1295 et
1466 1252 1698 1313 iniquitate

211 1324 322 1368 haec
350 1321 551 1365 carmina
578 1321 807 1373 tractavit,
846 1328 899 1363 ut
933 1320 980 1362 in
1018 1319 1228 1379 plurimis
1268 1321 1323 1364 de
1357 1337 1564 1366 sermone
1592 1326 1698 1369 satis

211 1393 372 1437 Latino
404 1398 447 1434 et
476 1404 609 1433 sensu
638 1385 882 1433 commodo
914 1388 1157 1442 dubitaret,
1195 1396 1237 1432 et
1270 1405 1374 1448 prae
1410 1393 1564 1436 ceteris
1594 1410 1698 1438 sen-

212 1463 397 1507 tentiam
437 1459 491 1502 de
530 1459 731 1502 oratione
770 1457 954 1501 horrida
985 1464 1030 1500 et
1055 1452 1205 1501 scabra
1235 1457 1487 1522 Sabinoque
1518 1462 1699 1522 indigna

210 1533 384 1578 foveret
412 1537 457 1573 et
486 1529 834 1573 commendaret.
894 1527 1045 1581 Quare
1076 1526 1147 1570 Fr.
1170 1527 1445 1588 Heusingero
1475 1532 1521 1575 id
1549 1534 1698 1592 potis-

210 1603 380 1645 simum
410 1599 630 1659 agendum
659 1597 771 1652 fuit,
807 1605 861 1640 ut
888 1611 1043 1641 versus
1073 1604 1266 1640 tentatos
1286 1613 1311 1642 a
1329 1598 1581 1645 Burmanni
1609 1602 1699 1647 du-

210 1670 496 1714 bitationibus
525 1668 767 1713 vindicaret
796 1676 839 1711 et
875 1666 1047 1724 singula
1082 1666 1219 1711 verba
1259 1667 1559 1728 dictionesque
1594 1673 1697 1716 satis

210 1741 387 1783 Latinas
421 1754 513 1782 esse
542 1736 760 1796 exemplis
790 1736 1122 1795 comprobaret.
1179 1735 1577 1782 Emendationibus
1605 1742 1697 1784 suis

210 1810 248 1853 si
266 1824 370 1853 non
398 1808 568 1866 ubique
596 1822 696 1850 rem
725 1821 806 1850 acu.
833 1805 1002 1864 tetigit,
1034 1820 1130 1849 non
1158 1804 1362 1849 multum
1389 1806 1542 1852 ta‘men
1572 1825 1597 1854 a
1617 1825 1698 1855 ve-

208 1895 264 1924 ro
295 1879 526 1922 aberravit.
582 1877 725 1920 Patris
755 1875 957 1934 vestigia,
995 1875 1064 1918 uti
1101 1890 1186 1935 par
1215 1882 1332 1929 erat,
1363 1877 1529 1936 pressit
1548 1878 1696 1924 Conr.

211 1947 511 2005 Heusingerus
544 1947 590 1990 in
621 1945 811 1989 editione
840 1959 941 1998 sua3
973 1960 1253 2004 quamquam
1283 1960 1389 1989 eum
1416 1947 1464 1990 in
1492 1949 1697 1992 nonnul-

210 2016 264 2059 lis
293 2016 358 2059 illi
389 2016 540 2058 minus
570 2015 848 2059 obedientem
876 2013 1015 2058 fuisse
1042 2014 1214 2057 malim.
1272 2013 1326 2057 In
1354 2024 1697 2077 sexseptemve

210 2085 319 2128 locis
348 2099 449 2127 suas
481 2085 614 2127 etiam
649 2084 981 2127 emendationes
1013 2082 1232 2125 exhibuit.
1291 2084 1496 2142 Denique
1518 2086 1695 2129 Lenne-

211 2154 313 2214 pius
343 2152 501 2197 sobria'
519 2159 562 2196 et
588 2151 802 2211 prudenti
829 2151 1004 2195 ratione
1032 2149 1102 2193 his
1120 2150 1334 2211 Epistolis
1369 2151 1590 2197 auxilium
1616 2161 1697 2198 tu-

211 2223 279 2275 lit,
306 2223 517 2281 priorum
545 2222 846 2279 interpretum
873 2219 1079 2263 mutandi
1109 2227 1154 2263 et
1182 2220 1437 2278 corrigendi
1464 2224 1697 2267 temerita-

326 2374 369 2420 4)
397 2375 442 2410 In
463 2375 534 2409 hac
550 2374 712 2410 editione
734 2376 877 2409 textum
894 2375 941 2409 ad
961 2375 1074 2411 fidem
1104 2374 1309 2411 editionum
1331 2375 1568 2420 Venetorum,
1599 2389 1697 2424 quae

211 2433 316 2469 solae
335 2445 382 2468 ex
401 2432 588 2468 codicibus
607 2432 844 2477 prodierunt,
873 2433 1064 2476 recensui,
1102 2433 1222 2469 varias
1254 2433 1433 2469 lectiones
1462 2447 1592 2471 earum
1619 2440 1697 2472 tam

211 2491 413 2537 diligenter
431 2488 577 2530 notavi,
606 2493 648 2523 ut
669 2489 779 2523 etiam
799 2488 890 2524 vitia
918 2491 1187 2535 typographica
1205 2492 1403 2534 adderem,
1440 2492 1607 2528 virorum
1628 2494 1697 2529 do-

211 2554 358 2584 ctorum
379 2547 610 2582 coniecturas
631 2545 770 2590 collegi
799 2550 836 2579 et
856 2545 1101 2590 interpretum
1122 2548 1382 2591 dubitationes,
1414 2553 1594 2594 quantum
1615 2550 1698 2585 fieri

209 2605 344 2653 potuit,
363 2603 537 2639 refutavi.
582 2602 724 2647 eQuare
746 2601 785 2634 in
803 2601 875 2635 hac
896 2602 1141 2646 disputatione
1169 2603 1335 2650 singulos
1366 2616 1518 2649 versus,
1547 2607 1586 2643 in
1614 2607 1697 2653 qui-

208 2665 279 2699 bus
300 2662 360 2698 illi
379 2662 605 2702 haeserunt,
634 2662 835 2694 retractare
857 2658 973 2694 nolui.
1031 2658 1205 2694 Proxime
1232 2661 1325 2695 haec
1349 2662 1461 2698 editio
1488 2665 1612 2700 lucem
1641 2665 1699 2700 vi-

209 2720 335 2763 debit;
363 2731 463 2756 nunc
482 2722 609 2755 autem
630 2716 791 2762 primam
818 2718 962 2752 tantum
982 2715 1190 2762 Epistulam
1212 2717 1419 2763 speciminis
1445 2720 1530 2757 loco
1562 2721 1700 2759 addere

210 2777 328 2815 licuit.
392 2811 398 2815 ,
