1928 3186
238 247 363 291 Gisb.
381 245 565 307 Cupero
591 246 639 289 in
656 245 799 305 Epist.
821 245 878 290 ad
896 246 1049 290 Heins.
1076 249 1178 295 4116.
1206 243 1424 306 Tom'4H.
1450 263 1499 307 p.
1517 252 1619 295 686.
1644 248 1734 293 stili

236 315 466 378 Sabiniani
493 314 754 382 elegantiam
783 315 967 361 laudare
993 316 1103 362 nolo
1115 348 1129 371 ,
1158 315 1355 368 nimiam
1377 316 1733 363 mediocritatem

233 394 390 430 tamen
406 400 656 443 agnoscere
683 399 779 427 non
799 399 1005 444 possum.¹
1060 385 1117 428 In
1145 399 1235 444 qua
1257 400 1309 428 re
1336 387 1619 446 assentientes
1648 389 1733 433 ha-

233 455 318 499 beo
336 454 433 499 Nic.
452 454 708 508 Heinsium,
738 452 809 497 Fr.
834 454 1167 513 Heusingerum
1189 454 1402 513 aliosque.
1461 456 1582 501 Bene
1598 458 1733 503 etiam

232 523 377 585 Ephr.
406 523 626 569 Miillerus
666 521 696 566 l.
726 539 763 567 c.
793 539 846 584 p..
868 527 943 570 63.
973 524 1178 569 monuit:
1238 524 1372 569 ‘Dan-
1400 525 1608 570 Heinsius
1635 525 1734 571 h’alt

231 594 301 638 die
337 593 485 638 Briefe
523 593 602 637 fiir
638 593 828 647 unacht3
879 595 998 639 denn
1047 596 1110 639 sie
1151 595 1250 653 sind
1285 594 1385 639 ihm
1423 595 1598 639 dunkel
1636 596 1733 639 und

230 662 440 707 kraftlos.
468 662 560 707 Mir
581 663 788 707 scheinen
808 664 870 707 sie
888 665 1097 709 ziemlich
1115 665 1208 709 sein
1225 682 1281 710 zu
1312 682 1437 726 seyn.
1465 666 1525 709 Es
1545 665 1733 709 kommt

230 735 279 776 in
305 732 553 777 kritischen
581 732 931 777 Ziirtlichkeiten
961 734 1196 779 ohnediess
1216 735 1535 795 meistentheils
1562 735 1647 779 auf
1662 736 1732 779 dic

230 801 505 861 Einbildung
535 803 629 846 an.'
689 802 836 857 Quid,
868 803 995 861 quod
1023 805 1220 863 Georgio
1246 804 1462 849 Schiilero
1491 804 1601 849 haec
1631 820 1731 849 cai·-

230 873 356 915 mina
384 873 447 915 ita
474 871 769 935 placuerunt,
808 879 865 914 ut
892 872 941 915 in
970 872 1123 917 Sabini
1151 873 1378 918 honorem
1407 882 1548 918 semet
1574 875 1726 934 ipsum

231 942 481 1001 Georgium
510 942 727 986 Sabinum
767 939 1047 1002 appellaret?
1105 943 1335 988 Praeterea
1373 944 1459 988 viri
1488 941 1607 988 docti
1634 960 1729 988 non

229 1011 332 1067 satis
361 1010 416 1053 ad
443 1011 488 1054 id
519 1011 824 1066 attenderunt,
866 1011 992 1070 quod
1019 1026 1090 1055 res
1118 1013 1237 1070 ipsa,
1277 1026 1415 1070 quam
1453 1021 1588 1073 poeta
1630 1021 1729 1056 tra-

232 1081 386 1133 ctavit,
422 1080 700 1124 ieiunitatem
730 1080 962 1139 quandam
989 1081 1233 1124 necessario
1263 1082 1429 1126 attulit.
1469 1084 1730 1141 Argumen-

231 1156 336 1192 tum
365 1149 511 1203 enim,
542 1149 668 1207 quod
688 1149 772 1192 sibi
802 1150 959 1208 elegit,
988 1149 1261 1209 postulavit,
1292 1158 1346 1194 ut
1365 1150 1516 1196 Ovidii
1547 1154 1729 1211 vestigia

232 1217 388 1262 sedulo
417 1225 646 1278 premeret
684 1226 818 1277 atque
856 1219 906 1262 in
942 1218 1107 1263 finibus
1144 1219 1199 1262 ab
1237 1219 1316 1263 illo
1356 1221 1642 1280 praescriptis
1681 1236 1729 1264 se

234 1288 495 1332 contineret.
561 1287 769 1332 Sterilem
816 1288 955 1346 igitur
990 1288 1228 1332 materiam
1256 1287 1452 1344 habuit„
1479 1301 1593 1349 quae
1622 1306 1728 1334 om-

233 1371 341 1401 nem
368 1356 551 1403 liberius
579 1374 626 1402 se
652 1358 865 1419 movendi
888 1365 931 1401 et
950 1358 1173 1417 poeticam
1200 1356 1460 1402 facultatem
1489 1361 1726 1408 ostenden-

233 1427 280 1471 di
308 1428 586 1473 occasionem
616 1435 661 1471 et
690 1428 1084 1486 opportunitatem
1112 1427 1369 1487 praeclusit.
1419 1429 1726 1479 Nihilominus

231 1496 307 1540 ille
343 1512 438 1540 non
476 1498 608 1541 anxie
649 1497 864 1541 Ovidium
898 1504 1101 1550 secutus,
1145 1496 1223 1554 qui
1253 1504 1323 1539 est·
1346 1512 1449 1540 mos
1480 1498 1726 1541 hominum

229 1567 408 1626 ingenio
440 1566 687 1611 carentium
700 1598 712 1620 ,
744 1565 872 1625 quasi
900 1566 1093 1611 verbum
1111 1564 1250 1610 verbo
1281 1567 1527 1626 expressit,
1548 1568 1624 1611 sed
1650 1568 1726 1611 in-

230 1637 414 1695 genium
442 1637 673 1695 poeticum
702 1650 755 1680 eo
785 1635 1001 1688 ostendit,
1033 1634 1159 1692 quod
1185 1634 1306 1677 illius
1336 1636 1592 1679 universam
1619 1651 1725 1680 sen-

228 1707 414 1750 tentiam
445 1704 628 1765 quidem
654 1704 875 1764 respexit,
906 1703 1081 1763 singula
1097 1710 1250 1747 tamen
1276 1719 1361 1748 suo
1389 1719 1520 1748 more
1546 1704 1607 1749 sic
1626 1713 1725 1748 tra-

229 1777 386 1830 ctavit,
415 1783 469 1819 ut
500 1775 691 1834 denique
718 1774 852 1828 nihil,
891 1773 942 1817 in
971 1789 1063 1832 quo
1094 1774 1230 1817 cardo
1260 1775 1327 1819 rei
1355 1776 1571 1829 vertitur,
1602 1777 1722 1819 omi—

228 1846 349 1890 serit.
406 1844 608 1889 Maxime
634 1843 702 1898 id,
732 1843 955 1903 quantum
985 1843 1191 1901 equidem
1221 1843 1438 1903 intelligo,
1467 1844 1516 1887 in
1535 1844 1723 1904 Episto-

227 1914 270 1958 la
297 1915 429 1958 tertia
447 1915 704 1967 declaravit,
737 1930 878 1972 quam
897 1913 1092 1956 Amaras
1106 1944 1120 1966 ‚
1151 1929 1257 1956 cum
1277 1915 1419 1972 magis
1449 1929 1588 1971 quam
1609 1914 1723 1958 duae

226 1983 400 2044 priores
429 1983 487 2027 ab
517 1983 664 2031 Ovidii
693 1982 1016 2027 sententiarum
1057 1981 1217 2026 ordine
1257 1982 1468 2036 discedat,
1511 1984 1722 2027 omnium

227 2054 472 2113 pessimam
503 2069 596 2096 esse
616 2053 806 2112 putavit.
865 2051 1045 2095 Etenim
1068 2051 1252 2094 Ovidius
1272 2052 1488 2095 Oenonen
1517 2067 1569 2095 eo
1599 2060 1721 2096 tem-

226 2138 340 2182 pore
359 2122 624 2174 scribentem
641 2121 895 2174 induxerat,
918 2133 1009 2177 quo
1031 2117 1154 2161 Paris
1176 2133 1283 2162 cum
1301 2119 1469 2164 Helena
1488 2136 1511 2164 e
1533 2122 1720 2184 Graecia

226 2191 375 2235 redux
403 2191 548 2235 factus
579 2198 623 2234 et
651 2190 816 2233 Troiae
842 2191 961 2245 regis
990 2186 1113 2230 filius
1143 2188 1317 2245 agnitus
1345 2204 1511 2247 magno
1542 2190 1719 2235 honore

226 2258 478 2305 fruebatur.
536 2258 757 2319 Nympha
785 2265 937 2300 autem
957 2256 1006 2298 in
1022 2255 1227 2314 Epistola
1245 2272 1326 2301 sua
1353 2256 1399 2300 id
1415 2258 1615 2302 maxime
1634 2274 1720 2302 ur·-

227 2336 324 2387 get‘,
361 2329 486 2386 quod
522 2328 637 2373 nihil
676 2325 996 2379 commisserit,
1026 2333 1304 2385 quapropter
1342 2342 1367 2370 a
1403 2326 1550 2371 Paridi
1578 2327 1719 2372 deseri

226 2397 462 2455 potuisset,
493 2405 535 2440 et
554 2396 678 2456 quod
699 2397 747 2439 in
769 2395 982 2438 omnibus
997 2395 1189 2438 Helenae
1208 2403 1424 2454 praestet,
1465 2411 1570 2439 cum
1589 2398 1718 2456 prior

226 2480 336 2510 eum
373 2464 618 2524 ignobilem
653 2464 892 2517 amaverit,
928 2463 1164 2523 popularis
1204 2472 1248 2508 et
1268 2466 1427 2523 ¹magis
1476 2465 1620 2509 fidelis
1660 2466 1718 2510 sit

225 2542 268 2577 et
295 2533 480 2577 nullum
504 2533 762 2593 periculum
791 2532 960 2575 afferat.
1005 2534 1157 2574 Preces
1188 2534 1321 2576 etiam
1350 2534 1484 2587 addit,
1515 2542 1647 2593 atque
1670 2550 1717 2577 se

223 2604 358 2649 etiam
386 2602 554 2647 laesam
592 2602 799 2646 Paridem
836 2616 987 2646 amare
1027 2609 1229 2645 testatur.
1285 2603 1366 2645 His
1396 2610 1547 2646 autem
1577 2619 1602 2646 a
1629 2604 1716 2647 Pa-

219 2673 338 2727 ridi,
370 2672 450 2732 qui·
479 2672 534 2715 ad
564 2672 781 2714 Oenonen
812 2670 959 2714 redire
993 2669 1169 2724 noluit,
1215 2670 1478 2730 responderi
1505 2671 1715 2731 profecto

220 2742 401 2798 difficile
429 2750 540 2787 erat.
599 2741 712 2786 Vide
740 2748 916 2795 autem,
947 2755 1101 2800 *quam
1130 2747 1255 2784 acute
1284 2747 1328 2784 et
1355 2739 1604 2800 prudenter
1628 2740 1715 2787 Sa-

219 2815 351 2860 binus
378 2828 426 2857 se
454 2813 743 2874 expediverit.
802 2811 924 2856 Paris
953 2811 1160 2856 Oenones
1177 2809 1428 2870 Epistolam
1456 2810 1610 2871 paucis
1638 2823 1714 2852 re-
