1928 3186
767 103 1171 148 1-——31—

221 219 327 268 vitia
357 214 711 282 ‘typothetarum
745 216 968 265 nonnulla
1006 224 1300 265 accesserunt.
1322 272 1326 275 Α
1354 215 1434 267 Ex
1469 214 1555 262 hac
1579 212 1713 262 editi-

220 307 309 335 one
337 292 523 335 deducta
550 300 617 335 est
644 293 813 335 Veneta
839 298 1021 348 quarta,
1057 305 1171 347 quae
1198 305 1236 332 a.
1258 292 1388 333 1489.
1413 303 1561 346 opera
1582 286 1712 330 Lue-

219 360 402 405 antonii
419 359 703 417 Florentini,
732 359 945 422 impensa
961 376 995 404 a
1008 359 1196 407 Matheo
1219 358 1434 419 Capcasa
1451 356 1713 401 Parmense

218 432 562 476 accuratissime
585 431 813 489 impressa
847 431 1032 489 prodiit.
1098 430 1231 473 Hunc
1267 428 1441 471 librum
1469 441 1568 469 non
1601 423 1735 476 vidi,-

217 507 264 543 et
298 494 669 558 negligentissime
696 512 749 541 eo
778 512 887 541 usus
916 505 982 543 est
1020 497 1120 544 Nic.
1148 497 1371 543 Heinsius.
1414 494 1575 554 Neque
1601 499 1711 537 tex-

216 576 320 613 tum
349 567 499 611 Sabini
540 567 894 617 emendatiorem
932 567 1136 623 exhibet,
1179 567 1257 611 sed
1293 581 1354 610 ex
1379 565 1551 609 Veneta
1576 562 1710 608 tertia

216 637 465 698 repetitum
489 635 605 681 vitiis
632 634 973 697 typographicis
1009 638 1071 682 ita
1105 637 1324 690 foedavit,
1366 643 1423 679 ut
1461 633 1566 679 inde
1590 629 1708 676 nihil

218 706 377 756 auxilii
405 707 756 765 exspectandum
794 723 886 750 esse
916 707 1076 752 dicant.
1143 708 1249 752 Vid.
1276 707 1321 751 N
1323 706 1421 749 otit.
1448 703 1618 747 literar.
1651 700 1708 744 de

216 777 267 822 P.
297 776 427 820 Ovid.
455 775 633 818 Nasone
660 776 708 819 in
737 776 837 819 edit.
874 775 1061 836 Bipont.
1090 794 1141 838 p.
1169 776 1239 821 LI.
1297 776 1373 819 Ex
1401 775 1572 818 Veneta
1607 779 1706 815 ter-

214 848 277 891 tia
314 844 356 905 ³)
397 859 607 904 expressa
635 851 701 888 est
730 845 864 889 etiam
894 846 1063 904 quinta,
1094 861 1207 905 quae
1232 845 1291 890 V
1284 844 1445 890 enetiis
1471 858 1567 902 per
1595 841 1705 887 La-

133 956 142 960 -
213 930 378 960 zaram
419 914 477 957 de
534 913 792 957 Sabiliano·
844 915 987 960 Anno
1034 912 1407 959 MCCCCXCII.
1478 911 1701 956 Calendis

213 980 456 1044 Aprilibus
485 979 637 1027 forma
664 982 867 1027 maxima
894 983 1008 1028 edita
1038 992 1117 1029 est.
1154 984 1261 1029 Non
1279 983 1411 1027 distat
1428 980 1593 1034 abina,
1614 978 1703 1023 nisi

212 1053 338 1111 quod
369 1050 476 1095 vitia
522 1051 693 1108 aliquot
740 1052 972 1096 emendata
1018 1054 1096 1096 sed
1142 1053 1281 1112 plura
1320 1053 1455 1095 etiam
1507 1050 1702 1094 admissa

211 1128 333 1166 sunt.
393 1117 448 1163 In
475 1119 707 1164 nonnullis
735 1119 846 1165 locis
874 1129 1026 1166 tamen
1056 1121 1206 1166 Sabini
1233 1121 1460 1182 Epistolae
1487 1118 1701 1165 emenda-

210 1192 322 1234 toris
351 1203 543 1233 manum
571 1196 783 1247 expertae
810 1196 854 1231 et
883 1190 1148 1233 coniecturis
1177 1199 1379 1233 mutatae
1406 1198 1527 1233 sunt.
1573 1189 1701 1231 Inter

213 1259 446 1311 editiones,
488 1271 602 1314 quae
641 1256 843 1316 deinceps
872 1264 1045 1301 secutae
1070 1265 1196 1312 sunt,
1236 1258 1444 1318 primum
1472 1274 1498 1302 a
1524 1256 1701 1316 vulgari

209 1336 344 1372 textu
373 1326 554 1369 discedit
584 1324 765 1379 Aldina,
798 1341 911 1383 quae
934 1326 993 1370 V
986 1328 1142 1380 enetids
1160 1329 1210 1371 in
1231 1327 1420 1371 aedibus
1433 1328 1553 1388 Aldi
1570 1331 1700 1372 1502.

209 1399 260 1443 in
286 1402 331 1442 8.
368 1395 585 1456 impressa
614 1400 694 1437 est.
744 1392 870 1457 ¹Nam
900 1409 996 1438 non
1033 1394 1184 1440 solum
1221 1394 1333 1441 vitia
1368 1393 1700 1456 typographica

209 1461 427 1527 pleraque
448 1474 664 1526 remota„
682 1465 761 1508 sed
790 1464 923 1508 etiam
950 1464 1141 1523 plurimi
1168 1464 1259 1509 loci
1289 1463 1557 1508 felicissimis
1585 1479 1700 1508 con-

208 1535 387 1579 iecturis
416 1534 640 1578 emendati
680 1540 801 1577 sunt.
857 1533 1121 1580 Accu'ratior
1158 1534 1293 1577 etiam
1322 1541 1389 1577 est
1424 1532 1585 1579 Aldina
1623 1548 1697 1577 se-

208 1604 352 1650 cunda
363 1601 381 1661 (
387 1603 445 1648 V
437 1605 594 1648 enetiis
609 1605 661 1648 in
679 1602 867 1647 aedibus
875 1602 996 1647 Aldi
1013 1612 1058 1647 et
1066 1603 1292 1648 Andreae
1302 1604 1460 1649 Soceri
1475 1607 1605 1649 1515.
1620 1608 1697 1658 8.),

207 1675 256 1718 in
285 1687 374 1732 qua
400 1672 651 1730 Naugerius
687 1671 822 1731 plura
862 1671 1113 1716 emendavit
1150 1679 1196 1716 et
1232 1672 1281 1716 in
1319 1671 1472 1732 paucis
1511 1671 1567 1716 ad
1595 1671 1696 1716 edi-

207 1744 388 1787 tionum
422 1741 697 1784 Venetarum
731 1747 912 1783 textum
949 1740 1095 1802 rediit.
1180 1741 1444 1785 Secundum
1480 1742 1695 1802 Naugerii

208 1809 520 1856 recensionem
548 1809 682 1852 etiam
709 1807 830 1852 facta
860 1816 924 1852 est
950 1808 1113 1853 Aldina
1138 1810 1271 1853 tertia
1300 1807 1383 1868 (V
1374 1812 1534 1856 enetiis
1561 1818 1693 1867 1533.

206 1875 298 1940 8.),
327 1894 454 1937 quae,
481 1885 658 1941 praeter
684 1876 810 1941 quod
838 1876 979 1935 Epist.
1009 1877 1077 1943 113
1104 1883 1181 1943 81.
1198 1880 1321 1943 piae
1344 1895 1431 1937 pro
1457 1882 1543 1939 pie
1578 1886 1694 1928 scri-

205 1946 343 1998 ptum
373 1942 461 1989 est,
489 1942 585 1977 non
611 1948 696 1977 nisi
722 1934 1069 1992 mterpungendi
1098 1950 1230 1993 Signis
1252 1951 1277 1979 a
1298 1937 1489 1995 secunda
1523 1939 1690 1999 differt.

205 2004 484 2064 Naugerium
512 2003 650 2047 secuti
677 2009 783 2046 sunt
803 2018 959 2047 omnes
980 2003 1171 2047 editores
1193 2019 1339 2063 usque
1356 2004 1412 2048 ad
1427 2007 1524 2052 Nic.
1544 2008 1691 2054 Hein-

206 2076 349 2128 sium‚
389 2073 475 2116 nisi
512 2072 636 2133 quod
672 2070 884 2132 Micyllus
913 2086 1055 2134 pauca
1081 2074 1263 2119 novavit
1302 2081 1346 2119 et
1384 2074 1691 2125 Bersmannus

207 2146 479 2190 coniecturas
506 2141 746 2206 nonnullas
791 2143 840 2185 in
876 2144 1078 2202 margine
1110 2143 1283 2203 posuit.
1339 2144 1510 2191 Heinsii
1531 2155 1692 2197 ‚aetate

205 2213 453 2260 Swarthius
481 2219 527 2255 et
562 2212 721 2256 Douza
746 2211 996 2256 temeritate
1034 2220 1079 2256 et
1118 2227 1260 2257 mera·
1283 2214 1558 2260 coniectandi
1584 2217 1693 2262 libi-

205 2283 308 2326 dine
334 2282 382 2324 in
411 2279 629 2323 Sabinum
656 2280 839 2336 grassati
865 2288 996 2334 sunt,
1033 2280 1134 2339 qui,
1178 2289 1360 2341 praeter
1395 2284 1521 2342 quod
1549 2285 1694 2331 auda-

204 2350 390 2399 cissimis
418 2347 766 2393 correctionibus
794 2350 1153 2395 coniecturarum
1181 2367 1430 2397 numerum
1448 2363 1692 2411 auxerunt,

315 2503 361 2552 3)
387 2504 470 2540 Iino
490 2502 650 2549 repetita
674 2497 763 2540 'esse
781 2502 931 2541 videtur
958 2517 1006 2542 ex
1025 2505 1187 2544 editione
1206 2506 1349 2545 Veneta
1367 2506 1473 2545 1489.
1484 2534 1498 2553 ‚
1525 2508 1631 2546 cuius
1649 2509 1691 2546 in

202 2561 432 2598 bibliotheca
470 2562 573 2598 acad.
600 2561 915 2612 Heidelbergensi
947 2568 1116 2601 servatae
1152 2565 1393 2603 collationem
1420 2567 1691 2604 accuratiorem

201 2623 399 2667 propterea
413 2618 603 2664 desidero,
641 2621 745 2666 quod
764 2622 860 2659 mihi
876 2621 1036 2669 suspicio
1060 2627 1135 2667 est,
1164 2636 1248 2660 eam
1267 2623 1343 2661 mm
1369 2628 1447 2661 tam
1469 2636 1517 2659 ex
1537 2625 1596 2661 ed.
1614 2625 1689 2660 Ve-

200 2681 275 2714 net.
294 2676 401 2716 1486.
423 2688 537 2723 quam
557 2689 580 2713 e
602 2679 729 2715 codice
747 2680 999 2727 manuscripto
1019 2693 1230 2728 expressam
1256 2693 1348 2717 esse.
1381 2688 1383 2690 '
1415 2681 1459 2718 Id
1477 2680 1577 2716 enim
1596 2693 1687 2727 pro·

200 2735 327 2771 babile
345 2735 506 2771 reddunt
524 2735 651 2772 variae
678 2737 858 2774 lectiones
889 2741 929 2774 et
960 2738 1236 2774 emendationes
1264 2739 1322 2774 ed.
1343 2738 1433 2773 Ven.
1454 2737 1560 2773 1492.
1579 2738 1684 2779 hans

199 2803 287 2830 raro
307 2791 361 2829 ita
382 2796 637 2840 comparatae,
666 2797 710 2832 ut
729 2806 779 2832 ne
798 2794 934 2834 editori
953 2799 992 2833 et
1011 2796 1228 2843 typothetae
1244 2794 1373 2832 deberi
1388 2794 1595 2832 videantur.
