1928 3186
214 204 451 257 ,Videntur
475 201 763 266 igitur-<cum
779 206 1009 252 Amorum
1034 205 1173 258 libris,
1189 204 1289 253 fere
1316 205 1478 252 eodem
1513 206 1724 268 tempore

224 266 456 334 prodiisse.
513 274 653 330 Quod
680 283 835 329 autem
861 276 1099 321 Massonus
1127 274 1162 319 1.
1181 291 1217 321 c.
1246 291 1296 335 p.
1317 278 1390 321 95.
1410 275 1491 320 'eas
1518 285 1623 322 ante
1649 292 1724 321 se-

225 343 448 398 cundam,
466 351 615 401 'quam
645 348 825 402 statuit,
870 346 1099 389 Amorum
1127 345 1370 389 editionem
1400 345 1602 404 vulgatas
1630 363 1724 391 esse

224 412 426 472 putavit,
453 413 500 457 id
519 423 637 459 certe
655 431 713 461 ex
731 416 889 459 Amor.
917 414 950 458 l.
983 429 1042 468 c.,
1070 423 1211 472 quem
1235 414 1412 468 attulit,
1440 429 1538 458 non
1568 413 1721 474 sequi-

224 481 315 527 tur.
371 480 522 527 Immo
551 492 734 542 poetam
761 492 892 538 tunc,
923 499 1032 528 cum
1058 483 1185 536 illam
1213 482 1399 543 elegiam
1427 482 1484 527 ad
1509 482 1722 528 Macrum

147 603 151 606 ,
226 548 376 604 daret,
404 549 452 593 in
479 549 693 615 Epistolis
721 553 962 599 scribendis
997 569 1105 598 cum
1131 554 1333 604 maxime
1359 560 1589 599 versatum
1615 568 1721 608 esse,

223 618 472 662 verborum
505 630 651 668 nexus
688 633 733 669 et
767 639 865 670 voc.
907 623 1160 669 Scribimus
1195 623 1300 668 satis
1339 622 1513 667 docent.
1571 622 1722 682 Atque

222 701 297 730 res
337 688 433 748 ipsa
469 683 514 733 et¹
559 695 814 739 carminum
850 692 1041 736 historia
1087 693 1221 737 aliam
1257 692 1482 737 rationem
1519 692 1719 736 suadent.

224 755 345 799 Cum
373 757 495 801 enim
517 761 632 805 circa
665 778 703 807 a.
721 766 822 808 744.
882 762 1109 806 Amorum
1132 762 1404 821 elegiae'nisi
1420 776 1577 805 omnes
1604 768 1722 805 certe

223 824 464 884 pleraeque
509 828 736 874 absolutae
770 830 967 884 fuerint,
1016 831 1144 874 citius
1194 830 1403 891 profecto
1450 839 1494 875 et
1529 829 1719 884 facilius,

226 908 366 951 quam
394 894 634 955 Epistolae
649 899 808 959 paullo
838 909 939 944 ante
968 900 1222 953 inchoatae,
1250 900 1425 959 vulgari
1452 907 1720 961 potuerunt.

225 962 317 1005 Vix
346 972 499 1008 autem
529 975 686 1011 auctor
713 976 963 1029 utrumque
1000 985 1166 1030 poema
1202 984 1296 1013 uno
1326 976 1536 1028 tempore
1564 976 1620 1012 et·
1637 983 1720 1012 an-

222 1045 285 1074 no
320 1031 476 1087 edidit,
507 1035 584 1080 sed
612 1036 753 1081 altero
783 1038 990 1083 absoluto
1022 1039 1215 1084 alterum
1242 1036 1435 1083 confecit
1463 1046 1508 1081 et
1530 1037 1720 1082 limavit.

225 1101 412 1163 Qua-de
430 1118 583 1148 caussa
610 1105 686 1150 issa
707 1122 848 1167 opera
867 1123 1014 1167 neque
1039 1110 1256 1168 proxime
1271 1117 1373 1153 ante
1402 1124 1442 1152 a.
1459 1110 1583 1157 752.,
1610 1121 1720 1150 cum

223 1167 274 1212 in
300 1170 411 1214 Arte
438 1172 631 1218 Amandi
659 1177 968 1235 componenda
1005 1187 1142 1239 poeta
1184 1180 1333 1223 otium
1374 1192 1512 1222 suum
1550 1191 1719 1221 consu-

226 1246 395 1293 meret,
426 1240 642 1286 Romanis
670 1245 833 1288 tradita
863 1262 955 1289 esse
983 1247 1217 1306 probabile
1243 1256 1323 1292 cst.
1382 1246 1540 1289 Nescio
1565 1246 1718 1304 igitur,

229 1320 288 1349 an
325 1321 422 1350 non
460 1311 664 1355 multum
689 1329 715 1355 a
744 1329 850 1358 vero
881 1316 1080 1370 aberret,
1116 1319 1196 1375 qui
1233 1310 1352 1361 anno
1380 1319 1481 1361 745.
1512 1323 1589 1358 aut
1615 1319 1718 1359 746.

226 1375 456 1452 Amorum
492 1377 632 1422 libros
672 1389 715 1424 ct
753 1396 792 1425 a.
822 1386 921 1428 749.
951 1392 1030 1428 aut
1065 1389 1166 1431 750.
1195 1385 1417 1446 Epistolas
1452 1384 1587 1427 editas
1626 1397 1719 1426 csse

226 1452 450 1489 sumserit.

1927 1072 1928 1097 μᾼ
1916 964 1928 1050 ‘mu-H<
1922 917 1928 925 Δ

1888 3020 1928 3186 &242
