1928 3186
720 125 1162 170 ..-⁴2..-..

211 231 268 278 tis
287 226 517 294 templum
543 241 589 281 ct
606 232 925 285 namnachiam
950 231 1093 303 supra
1118 248 1239 287 recte
1257 234 1487 287 Kalen&
1496 239 1613 303 Alig-
1633 240 1732 289 ad-
1756 270 1766 274 -
1831 244 1833 246 ’
1858 251 1860 253 ’

210 317 476 362 scripsimus
483 336 499 360 ‚
529 288 664 350 editio
696 307 849 369 operis
877 297 931 353 ιιι
943 309 1014 353 id
1042 310 1207 371 ipsum
1210 312 1415 386 tempus
1440 310 1582 367 cadit,
1618 326 1715 374 qno

209 370 349 417 Iuliae
366 376 519 419 caussa
529 381 634 420 acta
657 384 735 422 cst.
793 378 944 434 Quod·
952 380 1214 440 Augustum
1240 365 1453 441 profecto
1472 380 1616 442 magis
1636 381 1732 427 of·->

208 438 391 487 fendere
418 442 630 500 debebat,
658 461 799 506 quam
823 448 861 493 si
887 458 1023 510 poeta
1108 465 1163 496 ec
1187 457 1346 511 postea
1364 448 1583 509 vulgavit.
1621 451 1713 497 Ac-

207 510 322 555 cedit
350 512 475 570 quod
492 515 743 562 secundum
772 515 1053 574 VelleiumC
1098 519 1374 579 'expeditio
1404 526 1514 578 post
1542 518 1722 565 Iuliam·

205 578 447 639 relegatam
473 591 632 643 parata
659 593 738 630 est.
802 587 962 648 Neque
999 566 1075 633 illa
1134 589 1239 634 uius
1266 587 1494 633 foeminae
1519 580 1709 635 infamia

205 649 420 707 Ovidium
448 669 475 696 a
502 656 742 715 proposito
770 672 854 701 suo
884 657 1109 703 deterrere
1135 659 1312 719 potuit,
1341 674 1450 703 cum
1477 673 1537 703 ex
1564 658 1710 718 ipsius,

203 721 420 768 sementia
447 720 559 766 haec
588 724 716 768 omni
743 715 938 786 Augusti
965 726 1212 772 offensione
1238 728 1460 772 carebant.
1515 727 1710 788 Scripsit

203 788 327 833 enim
354 789 526 850 1,31.-:

258 882 375 927 Este
392 884 566 943 procul
588 886 738 933 vittae
762 894 941 945 tenue-5,
969 885 1155 950 insigne
1171 888 1389 950 pudoris,

321 953 533 1014 Quaeque
560 957 678 1016 tegis
706 957 901 1013 medios,
931 960 1098 1004 instita
1125 960 1296 1018 longa,
1315 959 1493 1019 pedes.-

256 1018 356 1064 Nos
389 1021 624 1068 Venerem
651 1034 838 1070 tutam
865 1044 1245 1087 concessaque
1261 1026 1440 1086 furta
1466 1025 1700 1079 camai&
1781 1037 1793 1042 ”

311 1090 459 1151 Inque
487 1108 588 1162 meo
615 1094 835 1148 nullum
863 1097 1074 1143 carmine
1102 1098 1327 1143 crimen
1354 1095 1459 1141 erit

109 1165 115 1171 ⁴
196 1179 328 1222 Conf-
357 1183 497 1222 Trist.
525 1179 595 1233 1Ι,
633 1183 737 1224 239.
763 1196 861 1239 sqq.
898 1189 943 1224 et
970 1184 1071 1226 345.
1099 1195 1196 1240 sqq.
1236 1187 1281 1223 et
1308 1179 1611 1234 Pont.1,8‚
1625 1185 1697 1227 4⁰.

194 1263 293 1307 sqq.
349 1241 478 1292 Adde
502 1247 680 1308 Spohn.
713 1248 769 1294 de
796 1249 970 1295 Tibulli
997 1251 1088 1295 vita
1113 1266 1161 1311 Ρ.
1180 1254 1251 1295 40.
1268 1263 1334 1308 sq.
1392 1248 1541 1294 Tanta
1561 1248 1698 1294 etiam

194 1318 283 1361 illis
309 1317 592 1378 temporibus
621 1318 766 1363 adhuc
793 1319 976 1364 libertas
996 1321 1314 1370 Romanorum
1341 1317 1451 1372 faut,
1480 1326 1534 1362 ut
1552 1318 1699 1364 inter-

194 1388 309 1433 dum
337 1403 409 1442 ea,
439 1403 560 1466 quae·
579 1388 785 1447 Augusto
815 1390 1122 1450 displicerent,
1152 1391 1300 1435 dicere
1325 1396 1370 1434 et
1388 1388 1535 1434 facere
1553 1388 1698 1433 aude-

193 1465 311 1501 rent.
369 1457 500 1500 Certe
525 1457 564 1500 si
593 1458 779 1502 Ovidius
811 1473 918 1501 eum
946 1467 1181 1519 tantopere
1210 1459 1388 1513 timuit,
1421 1472 1517 1502 non
1546 1473 1697 1517 appa-

193 1535 289 1583 ret,
320 1525 556 1586 quomodo
584 1534 741 1586 postea
767 1528 978 1571 Remedia
1004 1529 1211 1582 Amoris,
1240 1528 1289 1571 in
1311 1526 1475 1585 quibus
1502 1525 1695 1571 eandem

193 1595 432 1640 materiam
459 1596 665 1639 tractavit
693 1603 738 1639 et
766 1597 926 1639 Artem
954 1612 1084 1641 suam
1120 1595 1476 1651 commendavit,
1505 1595 1693 1654 vulgare

192 1665 410 1727 potuerit.
468 1663 598 1718 Quae
622 1679 729 1707 cum
756 1664 819 1708 ita
845 1664 948 1719 sint,
975 1666 1115 1710 Iuliae
1141 1665 1356 1733 relegatio
1385 1680 1483 1708 non
1511 1664 1692 1709 obstare

193 1735 390 1788 videtur,
420 1748 514 1793 quo
542 1732 694 1775 minus
715 1732 807 1776 hos
834 1730 1000 1778 libros
1000 1734 1114 1778 circa
1140 1749 1313 1778 annum
1329 1736 1431 1779 753.
1457 1734 1691 1777 ineuntem

192 1804 443 1866 publicatos
470 1818 563 1846 esse
588 1810 817 1860 putemus.

305 1895 362 1940 In
388 1894 615 1939 Amorum
646 1893 773 1938 libris
802 1894 1000 1939 carmina
1026 1902 1185 1955 poetae
1212 1892 1423 1939 iuvenilia
1449 1892 1688 1949 contineri,

192 1968 284 2010 iam
314 1980 455 2025 supra
479 1981 528 2024 p.
561 1969 606 2009 3.
633 1964 841 2009 vidimus.
905 1964 975 2008 Ad
1003 1980 1053 2008 ea
1078 1964 1308 2008 scribenda
1329 1979 1448 2007 anno
1466 1962 1564 2008 fere
1581 1967 1688 2014 732.

193 2037 249 2080 ab
276 2051 324 2080 u.
355 2051 394 2080 c.
422 2050 469 2078 se
497 2034 741 2088 convertit,
769 2048 915 2092 neque
943 2040 1043 2077 ante
1071 2048 1244 2077 annum
1259 2037 1360 2078 739.
1390 2032 1508 2081 hanc
1535 2041 1688 2078 mate-

191 2107 311 2150 riam
334 2104 533 2164 reliquit.
568 2104 697 2147 Prius
727 2103 847 2147 enim
864 2101 1031 2162 scripta
1050 2118 1140 2146 esse
1159 2117 1257 2146 non
1280 2110 1431 2162 potest
1448 2102 1585 2161 elegia
1604 2102 1686 2147 de-

192 2175 308 2219 cima
337 2182 496 2233 quarta
522 2172 626 2226 libri
653 2173 811 2231 primi,
840 2173 889 2215 in
917 2186 1007 2230 qua
1025 2171 1282 2216 Sicambros
1310 2172 1451 2225 victos
1476 2187 1684 2215 comme-

192 2243 405 2289 moravit.
464 2242 583 2286 Cum
609 2240 697 2285 illis
718 2248 869 2286 autem
887 2256 1004 2286 anno
1023 2244 1123 2287 738.
1145 2240 1319 2286 bellum
1336 2249 1516 2302 gestum
1535 2248 1580 2286 et
1597 2240 1684 2285 sub

192 2313 283 2357 fine
310 2311 415 2355 anni
443 2328 553 2371 pace
579 2311 761 2356 finitum
790 2320 866 2356 est.
901 2311 992 2356 vid:
1020 2311 1219 2356 Messon.
1248 2313 1341 2356 Vit.
1374 2311 1505 2356 Ovid.
1534 2327 1584 2371 p.
1608 2315 1685 2356 92.

191 2397 291 2441 sqq.
318 2388 363 2426 et
389 2381 595 2443 Interpp.
624 2380 680 2425 ad
706 2375 864 2425 Horat.
892 2380 973 2426 IV.
1002 2380 1073 2428 od.
1103 2387 1145 2429 1.
1174 2390 1218 2427 et
1245 2386 1289 2427 2.
1345 2380 1497 2442 Atque
1523 2380 1563 2425 si
1591 2379 1686 2425 Ar-

190 2460 286 2495 tem
313 2451 505 2495 Amandi
543 2459 644 2495 ante
671 2466 844 2495 annum
870 2455 972 2498 744.
1009 2467 1106 2496 non
1142 2451 1400 2496 inchoatam
1436 2466 1531 2495 esse
1564 2458 1687 2500 recte

191 2520 476 2580 collegimm,
504 2521 651 2581 neque
679 2529 781 2566 ante
810 2520 934 2583 hunc
961 2538 1133 2567 annum
1162 2522 1391 2566 Amorum
1417 2520 1521 2574 libri
1550 2517 1686 2565 abso-

190 2590 278 2633 luti
305 2598 423 2635 sunt.
479 2591 595 2635 Ante
622 2591 711 2637 hoc
738 2585 920 2653 tempus
950 2592 1071 2636 enim
1098 2591 1355 2636 nonam-ibi
1395 2590 1552 2650 potuit
1577 2589 1684 2633 libri

190 2659 371 2704 secundi
400 2675 579 2704 carmen
606 2660 1040 2716 duodevicesimum,
1078 2661 1128 2706 in
1162 2676 1254 2720 quo
1292 2667 1450 2721 poeta,
1490 2674 1538 2703 se
1577 2673 1685 2702 cum

191 2729 391 2774 maxime
418 2730 467 2774 ιιι
494 2730 603 2775 Arte
620 2731 813 2775 Amandi
836 2730 1147 2797 componenda
1163 2737 1435 2789 occupatum
1455 2732 1563 2783 esse,
1584 2740 1686 2771 me-

192 2799 364 2846 moriae
387 2799 603 2861 prodidit.
660 2802 796 2847 Plura
825 2816 884 2845 ex
911 2800 1048 2846 huius
1076 2799 1284 2845 carminis
1311 2797 1439 2843 initio
1467 2813 1549 2840 —·
