1928 3186
746 136 1153 182 ..-.,η.-.-..

198 246 333 300 ιιιιιιιι
360 251 551 300 offendit
573 266 804 304 annerum
832 248 1563 330 spatiumfintraquodntrqne
1578 263 1702 311 pro-

198 325 332 368 dierit
357 339 535 369 necesse
574 331 655 370 est.
721 322 915 368 Monent
952 321 1076 365 enim
1111 321 1328 370 Ovidium
1366 321 1416 365 ιιι
1456 319 1559 365 his
1570 317 1701 366 libris

197 386 486 439 recensendis
502 407 599 439 non
626 400 721 437 tam
741 391 792 436 id
813 392 973 451 egisse,
1001 399 1055 437 ut
1074 392 1292 451 priorum
1310 389 1569 446 carminum
1584 388 1702 467 plu·-

198 479 251 508 ra
279 458 446 508 deleret
474 469 519 507 et
546 461 737 506 meliora
763 468 1027 521 reponeret,
1055 461 1133 506 sed
1160 469 1215 505 ut
1233 459 1449 531 pluribus
1470 459 1621 523 recisis
1649 473 1702 507 en

200 541 442 578 coarctaret
470 540 515 576 et
541 546 736 575 numero
757 531 993 574 minueret.
1040 530 1179 585 Quae
1197 528 1337 589 igitur
1353 529 1556 574 carmina
1574 541 1702 573 nune
1760 582 1764 586 ι
1787 556 1793 561 -

200 601 255 646 ιιι
275 602 347 645 his
374 601 500 645 libris
518 597 766 660 leguntur,
794 611 855 644 ea
872 598 1027 645 omnia
1054 598 1149 646 fere
1171 600 1313 644 etiam
1338 600 1390 644 in
1417 598 1575 659 priore
1601 590 1701 642 edi-
1749 597 1752 600 ’

190 672 324 729 ,tione
352 670 595 731 exstitisseae
643 669 768 713 Inter
795 683 952 729 pauca,
981 684 1096 728 quae
1123 685 1266 714 novae
1284 668 1535 713 recensioni
1552 667 1702 729 addita

193 732 315 793 '‘sint,
342 737 481 783 fuisse
507 745 660 782 tamen
687 754 760 793 ea,
787 739 836 783 in
864 738 1030 797 quibus
1046 755 1210 800 sermo
1240 739 1300 783 sit
1335 737 1390 782 de
1421 731 1700 797 Tragoedii&

170 845 175 849 .
201 824 319 867 quae
355 816 462 868 post
497 808 702 867 priorem
729 808 956 851 Amorum
984 809 1226 853 editionem
1250 808 1401 856 lucem
1425 806 1634 852 viderint.
1652 820 1698 852 v.

200 877 397 922 Masson.
436 877 526 930 vit.
557 876 687 921 Ovid.
713 893 760 936 p.
793 882 891 923 116.
921 882 1019 937 sqq.
1087 878 1241 934 Quare
1267 876 1460 921 Amores
1485 876 1699 937 primum

199 942 307 1008 post
345 961 530 990 annum·
554 960 599 989 ιι.
628 940 671 988 οἵ
693 950 795 992 739.
825 956 870 991 et
904 948 1096 992 secunda
1132 947 1226 991 vice
1264 953 1365 990 ante
1385 961 1567 992 annum
1592 949 1699 992 ⁴552.

198 1016 369 1076 publici
395 1015 508 1060 iuris
534 1014 678 1059 factos
700 1031 792 1059 esse
813 1024 1032 1062 statuunt.
1089 1015 1246 1059 Mirari
1267 1024 1421 1062 autem
1440 1016 1559 1073 licet,
1583 1030 1700 1075 quae

200 1101 376 1129 caussae
402 1084 599 1138 fuerint,
622 1090 694 1128 ιιι
703 1092 839 1144 poeta
864 1086 984 1129 intra
1012 1085 1166 1128 decem
1188 1092 1266 1128 aut
1286 1085 1524 1129 duodecim
1540 1099 1699 1138 annos,

201 1155 365 1213 quibus
383 1162 613 1213 praeterea
629 1153 914 1222 Tragoediis,
933 1152 1148 1212 Epistolis
1165 1161 1210 1196 et
1227 1153 1336 1196 Arte
1354 1153 1551 1197 Amandi
1567 1169 1700 1199 com-

201 1223 423 1302 ponendis
456 1229 702 1281 occupatus
730 1212 843 1276 fuit,
873 1221 984 1265 haec
1012 1222 1209 1265 carmina
1227 1220 1295 1264 bis
1317 1222 1479 1266 ederet.
1516 1222 1702 1267 Etenim

200 1294 249 1336 in
276 1292 401 1335 libris
431 1291 585 1335 denuo
609 1253 884 1336 recensendis
914 1290 998 1334 alia
1019 1298 1114 1334 erat
1137 1298 1342 1334 veterum
1360 1306 1410 1334 ac
1426 1293 1703 1337 nostratium

116 1378 126 1384 ‘
200 1363 340 1416 ratio,
371 1376 512 1421 quam
539 1376 636 1406 non
664 1361 766 1404 satis
794 1361 1017 1421 respicere
1036 1358 1265 1414 videntur,
1296 1360 1373 1419 qui
1393 1362 1564 1405 nostris
1579 1367 1703 1406 tem-

201 1432 392 1492 poribus
431 1430 600 1489 ubique
636 1430 834 1490 duplices
872 1430 1149 1474 recensiones
1179 1429 1442 1488 investigare
1472 1438 1517 1474 et
1542 1431 1705 1476 rimari

202 1501 399 1545 student.
455 1499 680 1544 Externae
710 1499 830 1542 enim
860 1513 1036 1543 caussae
1061 1498 1114 1542 ιιι
1120 1498 1289 1553 hbris,
1319 1514 1434 1558 quae
1456 1514 1553 1545 non
1575 1501 1704 1562 typis

201 1571 278 1615 sed
307 1570 478 1615 calamo
505 1567 946 1628 multiplicabantur,
974 1567 1132 1612 locum
1158 1584 1254 1618 non
1281 1569 1526 1623 habebant3
1554 1570 1704 1615 inter-

201 1654 286 1683 nae
314 1646 466 1682 autem
493 1639 542 1681 in
569 1638 767 1696 scriptis,
799 1652 912 1696 quae
939 1638 1103 1695 magi5‚
1133 1653 1271 1696 quam
1293 1647 1453 1683 nostro
1474 1646 1701 1700 tempore,

202 1708 254 1755 ἐν
278 1705 594 1766 ἓνθουσιασμῷ
621 1706 872 1766 composita
900 1713 944 1751 et
968 1713 1070 1750 ante
1098 1705 1339 1752 editionem
1367 1706 1448 1754 diu
1466 1709 1701 1755 multum-

204 1793 293 1836 que
321 1775 553 1820 emendata
582 1784 626 1820 et
652 1775 807 1820 limata
835 1783 981 1830 erant,
1009 1786 1106 1819 non
1132 1774 1264 1820 facile
1291 1777 1440 1822 adesse
1470 1786 1699 1839 poterant.

204 1848 383 1891 Veteres
413 1851 625 1888 auctores*
649 1844 787 1902 igitur
823 1844 989 1905 scripta
1027 1856 1108 1889 sua
1144 1852 1248 1888 tum
1285 1845 1472 1891 demum
1499 1856 1700 1894 mutasse

204 1923 249 1960 et
277 1913 531 1959 emendasse
557 1913 788 1967 videntur,
818 1928 924 1957 cum
953 1913 1030 1957 illa
1058 1921 1159 1968 aut,
1187 1921 1241 1957 ut
1269 1914 1522 1972 tragoediae
1550 1924 1596 1961 et
1612 1926 1698 1962 'co-

202 1984 429 2039 moediae,
466 1981 645 2026 diversis
682 1982 965 2042 temporibus
1000 1997 1155 2026 coram
1189 1983 1370 2042 populo
1399 1986 1697 2049 recitarentur

203 2062 251 2099 et
277 2068 368 2113 pro
396 2051 566 2097 diversa
592 2044 858 2112 temporum
880 2052 1055 2097 ratione
1083 2052 1254 2096 mutari
1273 2051 1508 2110 deberent,
1529 2046 1622 2112 aut,
1641 2065 1698 2101 ut

205 2122 438 2184 ΑΡοΙΙοιιιι
486 2120 652 2166 Rhodii
687 2121 1009 2180 Argonautica,
1057 2121 1211 2180 prima
1249 2121 1442 2167 editione
1479 2119 1699 2183 plausum

204 2208 302 2236 non
329 2191 549 2235 tulissent.
591 2190 723 2234 Prior
751 2204 901 2234 caussa
928 2189 984 2234 ad
999 2190 1229 2234 Amorum
1256 2189 1400 2236 libros
1426 2207 1524 2237 non
1550 2195 1700 2254 perti-

205 2270 297 2306 net.
360 2260 589 2304 Posterior
623 2259 662 2302 si
696 2257 906 2302 adfuisset
943 2266 988 2301 et
1014 2267 1201 2319 poetam
1233 2261 1289 2304 ad
1316 2262 1515 2306 carmina
1541 2277 1702 2307 recen-

204 2329 342 2374 senda
359 2327 690 2383 commovisset,
709 2327 756 2371 id
776 2326 853 2371 ille
871 2326 1079 2387 profecto
1100 2344 1197 2374 non
1211 2337 1307 2374 tam
1325 2330 1522 2376 breviter
1539 2340 1585 2377 et
1613 2333 1702 2377 ob-

204 2413 357 2452 scure,
386 2409 532 2474 quam
572 2395 651 2439 illo
682 2397 1005 2476 epigrammate
1030 2398 1162 2453 fecit,
1190 2399 1442 2445 indicasset.
1498 2399 1704 2447 Fuerunt

205 2468 413 2527 quidem,
444 2466 558 2527 qm·
542 2465 688 2511 Ovidii
716 2467 913 2512 carmina
940 2469 1276 2528 vituperarent3
1306 2470 1384 2514 sed
1401 2470 1467 2515 ι11ι
1486 2486 1583 2516 ιιοιι
1603 2480 1701 2516 tam

204 2536 423 2580 tractandi
449 2535 672 2579 rationem
701 2551 841 2595 quam
878 2538 1133 2596 carminum
1172 2527 1496 2598 argumentum
1526 2547 1571 2585 et
1596 2556 1700 2584 ma-

204 2606 364 2650 teriam
391 2604 727 2676 reprehendisse
753 2605 974 2652 videntur.
1006 2608 1095 2653 vid.
1124 2607 1283 2653 Amor.
1311 2607 1359 2662 Ι,
1394 2613 1465 2655 15.
1496 2618 1540 2653 et
1565 2609 1696 2654 Rem.

202 2678 304 2721 891.
334 2688 434 2733 sqq.
490 2674 647 2732 Neque
673 2675 906 2735 probabile
933 2683 1020 2732 est,
1047 2684 1247 2738 poetam,
1275 2678 1355 2756 qui
1381 2685 1477 2721 tam
1504 2677 1699 2736 graviter

204 2745 253 2789 in
279 2742 623 2804 reprehensores
644 2759 751 2789 suos
778 2744 1030 2802 invehitur,
1060 2749 1140 2807 qui
1160 2762 1217 2791 ne
1238 2748 1489 2792 amicorum
1510 2747 1696 2805 quidem

204 2813 388 2859 monitis
425 2811 482 2859 ad
519 2813 716 2860 carmina
752 2812 911 2861 leviter
955 2817 1229 2862 emendanda
1276 2816 1576 2862 adducebatur
1617 2816 1695 2861 sed
