1928 3186
783 119 1188 163 —42—

225 238 314 285 Ars
347 236 452 300 pia:
486 236 583 296 sed,
613 235 792 297 quoties
827 234 988 284 oeulos
1021 224 1299 288 frustrabere
1331 237 1454 300 lana,
1653 235 1732 287 55

294 319 566 368 Successum
599 319 733 364 toties
772 334 844 365 ars
879 318 1012 366 dabit
1033 320 1129 367 ista
1157 320 1281 368 tibi?

222 401 305 448 Ah
340 403 524 460 melius,
559 400 881 462 Polypheme,
915 407 997 447 tuo
1024 409 1270 464 superatus
1303 403 1354 449 in
1387 408 1533 450 antro-

292 485 513 530 Finissem
546 484 750 546 ingratos
785 483 847 529 ad
881 485 1004 530 mala
1037 491 1162 531 tanta
1196 485 1318 541 dies;

221 564 445 614 Threicio
479 566 644 613 melius
678 565 944 613 cecidissem
983 567 1128 615 milite
1161 568 1322 628 victus,

287 648 509 695 Ismaronv
528 656 727 695 errantes
762 664 870 695 cum
903 656 1091 697 tenuere
1123 657 1266 706 rates;
1653 643 1727 691 60

218 790 313 826 lidus
337 791 411 827 dici
429 791 595 838 potuisse
608 817 619 835 ,
650 794 750 827 certe
775 791 953 839 analogia
974 793 1204 839 comprobat.
1264 792 1332 829 Sin
1360 792 1505 836 minus,
1535 803 1620 827 cnm
1641 790 1727 828 Nic.

216 848 376 885 Heinsio
409 852 542 885 callida
574 849 811 884 scribendum
842 853 920 893 est,
960 851 1061 895 quod
1091 862 1177 886 cum
1199 862 1279 887 voc.
1312 853 1453 897 pallida
1484 850 1723 885 confunditur

217 905 326 943 Ovid.
351 907 506 943 Metam.
527 908 598 950 VI,
626 904 710 942 576.
738 907 901 942 Revocas
920 906 1015 941 fen-i
1037 908 1189 952 nequit,
1217 908 1290 943 nisi
1311 910 1410 945 forte
1430 908 1620 954 scripseris
1632 920 1645 954 :¹

332 965 445 1000 Pacta
464 976 599 1011 qaoque
621 976 657 999 es
678 965 835 998 thalamo
848 989 859 1007 ,
888 964 961 998 nisi
977 965 1129 1002 mendas:
1147 967 1221 1000 tela
1242 970 1408 1002 moretur.

389 1024 441 1058 At
471 1022 559 1068 [vel
576 1021 672 1066 Sed]
696 1026 854 1067 coeptum
874 1033 1021 1057 revocas
1036 1023 1173 1066 pellida
1194 1035 1328 1070 semper
1349 1021 1467 1070 opus?

216 1077 377 1124 Sed'quo
389 1080 512 1115 minus
527 1080 655 1116 locum
666 1078 717 1114 sic
737 1079 923 1123 emendes,
934 1078 1135 1125 prohibent
1146 1081 1352 1126 sequentia,
1370 1085 1408 1117 et
1428 1082 1531 1116 reete
1541 1078 1719 1115 Heinsius

214 1149 356 1172 revoces
375 1137 548 1173 correxit.
578 1137 703 1172 Huius
723 1138 810 1172 lect.
823 1149 964 1172 revoces
983 1138 1116 1172 callida
1131 1149 1216 1172 cum
1234 1139 1364 1174 Burm.
1385 1150 1514 1174 omnes
1536 1139 1718 1173 exhibue-

214 1198 315 1229 runt.
374 1195 432 1230 De
463 1196 552 1231 dolo
583 1196 685 1230 telae
712 1198 878 1230 retextae
900 1194 974 1229 vid.
993 1194 1108 1231 Hom.
1129 1194 1261 1243 odyss.
1281 1192 1331 1243 β’,
1348 1195 1407 1237 96.
1426 1199 1464 1231 et
1481 1195 1716 1231 Brouckhus.

216 1255 255 1289 et
273 1253 480 1290 Burmann.
505 1254 553 1289 ad
570 1253 743 1300 Propert.
765 1253 823 1297 ΙΙ,
851 1252 899 1296 7,
927 1251 988 1288 43.

329 1308 391 1346 55.
407 1312 508 1347 Edd.
519 1312 682 1347 Venetae
696 1310 854 1356 ubique:
866 1312 1024 1358 quotiens
1045 1315 1082 1347 et
1091 1313 1229 1356 totiens,
1242 1324 1287 1347 ex
1299 1311 1450 1358 antiqua
1461 1311 1644 1347 scribendi
1654 1323 1716 1361 ra-

214 1365 332 1405 tione.
354 1369 501 1405 Laudat
519 1373 659 1413 autem,
681 1372 724 1404 ut
744 1372 845 1404 reete
856 1368 1034 1406 Heinsius
1045 1370 1203 1414 monuit,
1221 1370 1349 1405 Ulixes
1371 1373 1491 1406 artem
1515 1374 1552 1405 et
1571 1371 1714 1414 dolum,

215 1426 281 1460 sed
299 1428 345 1461 de
366 1426 543 1463 diuturno
557 1425 820 1462 eius'successu
842 1426 988 1463 dubitat
1000 1430 1037 1462 et
1050 1427 1229 1474 desperat.
1261 1428 1387 1473 Quare
1402 1422 1477 1463 non
1499 1431 1600 1462 recte
1618 1427 1656 1462 in
1668 1428 1714 1462 fi-

213 1493 263 1518 ne
284 1483 431 1521 distichi
452 1488 633 1531 punctum
653 1485 771 1534 vulgo
804 1488 960 1530 ponunt.
1021 1479 1159 1521 Sensus
1180 1489 1255 1522 est:
1280 1485 1361 1521 ‘Ars
1381 1477 1444 1531 pia
1465 1489 1540 1521 est:
1564 1486 1628 1520 sed
1654 1489 1713 1521 to-

212 1539 331 1576 tiesne
354 1542 425 1577 ista
445 1555 506 1578 ars
519 1534 521 1536 ,
534 1543 602 1578 tibi
624 1543 720 1577 bene
744 1543 938 1585 succedet,
968 1542 1114 1587 quoties
1135 1544 1265 1578 oculos
1284 1554 1485 1588 procorum
1505 1544 1605 1585 lana,
1627 1542 1652 1577 i.
1678 1556 1711 1579 e.

211 1599 289 1633 tela
307 1598 388 1641 illa,
412 1598 588 1634 frustrari
608 1600 714 1634 voles
741 1597 785 1634 ac
810 1598 1000 1634 studebis?
1031 1598 1197 1635 offendit
1219 1604 1367 1642 autem,
1388 1599 1488 1643 quod
1509 1603 1621 1644 poeta
1641 1611 1710 1644 pro

203 1656 380 1701 frustrari
399 1658 495 1694 voles
516 1656 734 1704 simpliciter
748 1657 969 1702 frustrabere
989 1656 1092 1694 dixit.
1153 1657 1263 1703 Quod
1282 1668 1507 1704 quamquam
1530 1657 1710 1702 quodam-

209 1715 322 1750 modo
346 1715 497 1751 defendi
516 1718 662 1761 potest,
692 1715 811 1750 omnis
833 1716 958 1749 tamen
975 1715 1157 1751 sententia
1175 1715 1357 1752 miraest.
1415 1715 1484 1749 vix
1500 1714 1619 1763 igitur
1640 1716 1710 1751 du-

208 1770 287 1808 bito
301 1798 312 1816 ,
342 1773 431 1819 quin
451 1767 537 1809 eum
555 1767 786 1808 Bersmanno
807 1767 1043 1807 scribendum
1063 1772 1130 1808 sit:

439 1834 511 1867 Ars
527 1828 615 1877 pia.-
645 1828 707 1866 sed
727 1832 862 1877 quoties
882 1828 999 1864 oculas
1013 1831 1234 1875 frustrabere
1256 1831 1372 1867 lana?
1421 1849 1423 1851 ·

477 1884 690 1924 'Suco-essum
711 1889 847 1934 quoties
869 1899 928 1921 ars
948 1887 1046 1921 dabit
1064 1888 1135 1922 ista
1156 1887 1251 1922 tibi?

206 1944 307 1990 quod
330 1944 445 1981 etiam
477 1945 656 1982 Heinsius
681 1945 819 1988 suasit,
849 1944 963 1980 Gonr.
984 1944 1218 1993 Heusinger..
1240 1944 1381 1992 recepit
1410 1947 1448 1981 et
1472 1943 1707 1997 Eichhoffius

205 2002 377 2038 versione
402 2004 593 2049 expressit.

320 2058 380 2097 57.
413 2061 600 2098 Turbavit
617 2061 746 2098 locum
768 2058 1000 2104 Swarthius‚
1031 2072 1076 2096 ex
1094 2060 1175 2097 cod.
1188 2072 1256 2097 suo
1276 2072 1482 2107 reponens:
1503 2063 1563 2098 ,At
1581 2063 1706 2098 melius

207 2118 246 2152 P.
269 2122 330 2152 tao
352 2121 384 2153 si
400 2132 552 2164 pransus
571 2115 641 2156 etc.
702 2120 776 2154 Sed
798 2120 928 2153 Ulixes
946 2120 1076 2153 dolens
1090 2121 1184 2154 haee
1202 2120 1438 2164 pronuntiat,
1469 2119 1530 2153 cui
1543 2120 1598 2154 rei
1608 2125 1704 2165 part.

208 2175 257 2209 ah
279 2177 428 2222 proprie
458 2178 635 2220 inservit,
665 2189 750 2211 cum
781 2182 820 2211 at
843 2173 969 2222 potius
990 2176 1038 2212 sit
1059 2176 1255 2224 cogitantis
1275 2180 1314 2210 et
1335 2176 1533 2211 consilinm
1556 2182 1704 2212 mutan-

208 2232 256 2267 tis
277 2238 341 2269 aut
364 2235 477 2271 etiam
494 2228 580 2271 eum
599 2232 855 2282 indignatione
879 2246 962 2278 rem
981 2234 1211 2270 invertentis.
1270 2234 1399 2278 Neque
1419 2239 1613 2279 superatus,
1632 2248 1702 2280 pro

208 2300 284 2333 quo
295 2291 497 2329 Burmann.
519 2295 551 2329 εἰ
570 2304 740 2339 prensus,
769 2292 847 2327 Nic.
869 2291 1047 2326 Heinsius
1070 2293 1258 2339 deprensas
1277 2295 1315 2326 et
1336 2292 1454 2326 Conr.
1476 2292 1716 2340 Heusinger„

207 2355 403 2391 superestus
426 2355 687 2392 correxerunt,
701 2349 993 2384 ‘sollicitandum
1016 2354 1082 2384 est.
1141 2349 1290 2386 Etenim
1309 2353 1425 2393 poeta.
1443 2361 1519 2383 non
1542 2351 1702 2396 respicit,

208 2405 310 2450 quod
334 2404 591 2453 Polyphemus
610 2404 729 2444 soeios
744 2406 870 2442 Ulixis
882 2406 1026 2451 aliquot
1044 2406 1249 2449 devoravit,
1267 2407 1332 2442 sed
1347 2405 1477 2462 quod
1465 2407 1635 2442 numanis
1654 2408 1700 2443 il—

205 2462 246 2496 le
266 2462 375 2508 gigas
398 2463 437 2497 in
459 2475 525 2498 suo
548 2468 653 2499 antro
673 2466 724 2499 ab
743 2465 854 2498 Ulixe
871 2463 990 2498 victus
1005 2469 1044 2499 et
1065 2477 1148 2500 eum
1166 2464 1280 2526 elabi
1278 2475 1414 2509 passus
1434 2466 1502 2498 est.
1531 2463 1604 2499 vid.
1619 2465 1700 2500 Ho-

205 2530 312 2557 mera
328 2519 405 2555 od.
421 2516 467 2562 ι’,
496 2518 578 2555 375.
601 2533 678 2565 sqq.
700 2525 737 2555 et
757 2518 839 2556 515.
860 2532 913 2565 sq.

245 2586 248 2588 ⁵
319 2587 379 2624 58.
412 2590 619 2624 Salmasius
640 2590 820 2624 correxit'-
842 2601 883 2624 ac
903 2590 1012 2623 mala.
1051 2588 1246 2622 Heinsius:
1268 2590 1312 2622 ob
1326 2589 1434 2623 mala.
1494 2588 1568 2623 Sed
1599 2595 1699 2625 recte
1733 2623 1736 2627 4

202 2647 433 2693 Lennepius:
464 2649 474 2666 ‘
487 2648 607 2695 Iunge
619 2649 780 2692 finissem
803 2648 851 2681 ad
868 2646 965 2680 mala
984 2650 1106 2686 tanta,
1135 2649 1178 2679 ut
1198 2644 1423 2679 sensus-sit:
1442 2646 1559 2680 tantis.
1574 2646 1698 2682 immi-

162 2740 176 2749 *
201 2706 376 2743 uentibus
389 2732 400 2749 ‚
429 2705 672 2748 instantibus,
701 2704 833 2747 malis,
863 2703 940 2739 dies
962 2707 1048 2739 ante
1068 2703 1267 2738 adventum
1283 2713 1413 2737 eorum
1430 2703 1604 2747 finissem.
1620 2706 1698 2740 'Sic

201 2765 309 2801 Ovid.
330 2765 402 2811 Ep.
424 2765 519 2808 XXI,
548 2761 607 2799 45.
639 2764 811 2809 Coniugii
838 2767 971 2807 tempus
999 2761 1149 2796 crudelis
1180 2761 1229 2794 ad
1257 2758 1369 2806 ipsum
1389 2762 1607 2808 Persephone
1631 2775 1696 2798 no-

200 2830 291 2860 stras
308 2825 430 2871 pulsat
451 2825 578 2860 acerba
588 2824 702 2868 fores.
734 2822 843 2858 Gonf.
864 2821 994 2855 Burm.
1018 2819 1065 2855 ad
1085 2818 1301 2854 Val.F1acc.
1323 2819 1409 2861 111‚.
1426 2817 1497 2855 484⁹
