1928 3186
226 239 357 300 spicit
385 246 443 297 et·
460 240 677 286 omnibus¹
708 243 922 287 concessis
950 257 1008 287 se·
1028 254 1162 286 reum
1191 240 1450 297 confitetur.
1506 240 1596 286 Sed
1610 241 1717 287 duo

204 310 425 355 .›maxime
453 320 628 372 urget,
650 311 844 357 alterum
885 312 1010 372 quod
1039 327 1171 357 amor
1197 311 1394 356 ratione
1404 319 1573 368 careat,
1603 310 1717 356 alte-

224 395 331 425 rum
363 379 488 440 quod
517 380 624 425 311113
653 382 846 426 Helenae
874 398 1004 427 amor
1031 381 1132 425 fatis
1162 381 1337 425 adiutus
1366 382 1435 424 sit.
1493 382 1717 450 Propter-

225 465 274 493 ea
308 459 404 494 tam
440 451 596 495 multis
636 452 779 497 verbis
808 452 989 495 Amoris
1017 451 1276 510 potentiam
1299 436 1527 506 describit,
1557 458 1613 495 ut
1640 450 1717 494 ni-

173 530 177 536 ‘
221 520 341 565 mius
392 522 527 565 etiam
568 522 618 565 in
661 520 776 565 hanc
819 537 922 565 rem
956 520 1228 580 exspatiatus
1270 520 1338 564 sit.
1416 519 1530 568 Inde
1577 518 1716 564 etiam

223 591 513 650 comprobat,
558 605 696 634 suum
745 590 936 633 Helenae
989 591 1198 640 ardorem
1244 599 1425 635 tantum
1475 604 1591 644 esse,
1659 596 1715 633 ut

222 674 279 702 ne
336 660 521 703 Oenone
573 660 765 718 quidem·
802 658 982 717 magicis
1035 658 1202 702 viribus
1252 660 1292 704 ei
1338 660 1510 704 mederi
1556 659 1711 719 possit.

143 718 146 720 *
216 726 355 771 Felici
409 736 562 771 autem
604 736 665 772 -et
723 727 882 773 Ovidio
937 728 1072 785 ,digna
1121 729 1295 773 ratione
1353 729 1480 771 initio
1525 728 1712 789 Episto-

221 797 290 841 lae
319 814 365 841 se
391 813 591 857 peccasse
632 796 826 852 fatetur,
858 795 1014 840 callide
1041 812 1101 840 vs.
1130 801 1203 842 29.
1234 798 1450 841 Oenonen
1488 797 1544 841 ad
1574 811 1712 857 opem

220 866 454 912 ferendam
496 867 668 911 inducit
727 874 771 910 et
815 866 1040 925 ingeniose
1099 880 1164 910 vs,
1202 871 1273 912 79.
1318 868 1365 911 in
1414 882 1569 911 amore
1614 880 1710 910 non

220 929 427 981 mutabili
467 937 750 982 describendo
792 937 846 980 ad
875 937 1021 996 ipsam
1049 944 1281 996 provocat.
1356 935 1473 981 Mihi
1523 936 1710 995 quidem

220 1007 270 1050 in
319 1006 402 1050 hac
439 1006 641 1067 Epistola
690 1005 803 1050 nihil
838 1004 1187 1066 vituperandum
1234 1020 1326 1049 0330
1369 1005 1571 1060 videtur,
1621 1004 1711 1050 nisi

220 1077 344 1135 quod
385 1085 541 1120 auctor
582 1077 631 1119 in
678 1072 880 1119 Amoris·
904 1075 1106 1134 potentia
1150 1074 1384 1118 indicanda
1424 1075 1559 1118 nimis
1601 1089 1709 1119 ver-

219 1146 354 1190 bosus
396 1144 507 1199 fuit,
551 1144 678 1203 quod
706 1135 858 1187 tamen
892 1144 1012 1203 ipsa,
1054 1156 1192 1199 quam
1231 1144 1453 1200 ingressus
1484 1151 1572 1197 est,
1607 1152 1709 1188 tra-
1756 1164 1761 1170 ·

218 1216 364 1259 ctandi
400 1217 471 1260 via
510 1215 612 1256 satis
656 1213 951 1256 excusationis
991 1210 1138 1254 habet.
1221 1211 1268 1254 Si
1305 1220 1456 1255 autem
1497 1213 1708 1257 omnium

218 1284 529 1346 Epistolarum
571 1283 766 1342 pessima
800 1289 895 1326 tam
932 1281 1093 1325 idonea
1127 1279 1301 1324 ratione
1328 1282 1593 1341 ,composita
1628 1289 1709 1335 est,

217 1355 395 1401 videant
430 1352 691 1406 adversarii,
739 1366 829 1411 qua
859 1351 1171 1412 probabilitate
1210 1350 1404 1410 reliquas
1434 1351 1606 1396 Sabino
1632 1351 1710 1395 in-

219 1426 370 1484 dignas
410 1440 500 1467 esse
538 1417 767 1465 statuant(
838 1421 1031 1465 Gravius
1074 1427 1227 1463 autem
1273 1429 1595 1481 argumentum
1613 1430 1708 1476 rest,

219 1495 344 1554 quod
376 1493 430 1535 ab
459 1492 682 1544 oratione,
714 1490 891 1548 quaein
923 1489 992 1532 his
1021 1487 1233 1548 Epistolis
1256 1503 1580 1548 saepenumero
1609 1506 1708 1535 sca-

216 1565 298 1608 bra
335 1571 378 1606 et
395 1576 566 1622 parum
600 1560 755 1603 Latina
784 1559 861 1611 sit,
891 1551 1193 1617 repetierunt3
1225 1572 1503 1616 quamquam
1536 1575 1595 1604 ne
1616 1559 1706 1605 hoc

218 1632 400 1691 quidem
430 1630 683 1673 carminum
713 1627 987 1671 authentiam
1014 1629 1268 1685 impugnat.
1325 1626 1508 1672 Etenim
1532 1644 1628 1673 non
1655 1631 1706 1674 111

218 1699 428 1746 omnibus
458 1712 714 1742 sermonem
746 1695 918 1740 horum
953 1696 1207 1740 carminum
1242 1694 1298 1739 ab
1332 1696 1563 1756 Augusteo
1593 1714 1703 1745 aevo

217 1770 462 1814 abhorrere
497 1769 652 1812 dicunt
669 1800 682 1823 ,
712 1767 789 1811 sed
821 1767 870 1810 in
905 1765 1136 1810 nonnullis
1167 1773 1349 1809 tantum
1372 1766 1573 1815 haerent.
1616 1768 1703 1828 lp-

217 1839 253 1882 si
283 1838 417 1882 etiam
450 1836 585 1896 p'lura
621 1837 785 1881 enitere
825 1833 1028 1879 fatentur
1042 1866 1057 1888 ,
1093 1848 1207 1892 quae
1246 1833 1405 1879 ovidio
1445 1850 1542 1880 non
1577 1836 1704 1881 iniu-

215 1909 332 1951 riose
374 1906 554 1949 tribuas.
613 1906 787 1949 Accedit
801 1936 814 1958 ‚
856 1903 980 1961 quod
1019 1904 1068 1946 in
1104 1902 1260 1945 multis
1297 1903 1406 1945 locis
1446 1905 1541 1948 sine
1582 1906 1702 1951 iusta

216 1991 367 2021 caussa
391 1974 629 2019 haeserunt
646 2006 661 2028 ‚
705 1986 906 2032 quorum
943 1970 1081 2032 plura
1119 1970 1212 2014 iam
1253 1970 1544 2017 Burmannus
1558 2005 1574 2028 ,
1624 1973 1700 2021 Fr.

215 2045 514 2102 Heusingerus
553 2050 598 2086 et
636 2041 887 2101 Lennepius
925 2041 1227 2092 vindicarunt,
1268 2039 1353 2084 alia
1394 2040 1491 2100 ego*
1516 2037 1567 2087 in
1604 2045 1702 2088 edi-

214 2115 336 2159 tione
366 2113 620 2157 carminum
648 2110 867 2156 vindicare
896 2109 1063 2154 studui.
1120 2108 1213 2163 Qui
1248 2117 1402 2153 autem
1423 2119 1596 2158 restant
1628 2113 1702 2159 lo-v-

216 2185 255 2226 ci
290 2182 412 2225 dubii
426 2213 440 2235 ,
488 2181 692 2240 plerique
735 2180 796 2222 ita
832 2179 1060 2241 depravati
1090 2186 1221 2232 sunt,
1259 2186 1313 2221 ut
1341 2193 1499 2223 3011311
1506 2182 1701 2226 omnino
1728 2222 1733 2225 .

215 2258 405 2304 careant,
424 2258 555 2309 atque
574 2250 706 2294 etiam
726 2246 906 2291 infimae
927 2247 1173 2291 Latinitatis
1202 2256 1385 2292 auctore
1405 2248 1578 2326 indigni
1597 2250 1702 2298 sint.

216 2320 343 2374 Quae
373 2319 554 2378 quidem
584 2317 792 2376 exempla
835 2316 950 2362 nihil
976 2316 1253 2377 impediunt,
1284 2333 1377 2376 quo
1405 2318 1558 2362 minus
1584 2313 1704 2398 Epi-

214 2388 349 2438 stolas
388 2403 413 2431 a
455 2387 617 2434 Sabino
661 2386 954 2464 compositas
971 2401 1090 2435 0330
1110 2394 1338 2446 putemus.
1411 2385 1548 2437 Recte
1577 2390 1704 2443 0111111

214 2456 287 2501 Fr.
324 2456 631 2533 Heusingerus
670 2456 721 2499 in
761 2455 1016 2499 Emendatt.
1059 2456 1291 2501 Guelferb.
1337 2474 1384 2517 Ρ.
1409 2461 1480 2503 11.
1504 2460 1702 2513 monuit,

214 2526 494 2585 gravissimos
535 2525 677 2580 labes,
731 2524 893 2583 quibus
933 2525 1043 2568 haec
1085 2526 1284 2570 carmina
1323 2527 1557 2587 deturpata
1599 2525 1700 2582 31111,Ι

213 2609 307 2637 11011
338 2593 392 2636 ab
431 2593 620 2639 illorum
648 2603 830 2639 auctore
887 2596 962 2639 sed
992 2595 1046 2638 ab
1086 2595 1311 2655 imperitia
1355 2612 1403 2639 ac
1438 2595 1700 2653 negligentia

212 2661 506 2707 librariorum
549 2664 780 2724 adspersos
834 2663 1157 2724 calumniisque
1207 2655 1527 2709 inconsiderate
1577 2663 1697 2707 iudi-—
1747 2669 1754 2675 ·

214 2728 413 2790 cantium
453 2735 684 2791 expositos
730 2750 833 2779 0330.
912 2734 1046 2778 Recte
1091 2736 1224 2779 etiam
1261 2736 1310 2778 in
1358 2736 1428 2779 his
1478 2732 1693 2790 Augustei

216 2802 310 2846 aevi
340 2801 627 2861 splendorem
674 2804 855 2863 agnovit
868 2836 882 2858 ,
932 2819 1071 2863 quem
1102 2796 1198 2847 Nic.
1233 2803 1439 2846 Heinsius
1477 2801 1691 2861 plurimis
