1928 3186
284 278 412 325 Dum
444 290 673 340 propero,
699 274 888 323 'adversi
914 277 1021 323 vela
1046 271 1202 324 tul'ete·
1213 276 1336 323 Noti.

215 362 323 412 Non
354 377 432 408 me
453 361 599 407 Troia
620 366 748 408 tenet
782 360 934 408 Graiis
967 360 1131 414 odiosa
1156 360 1342 423 puellis,

241 503 243 505 Ι
284 446 385 492 Iam
405 443 517 490 cinis
540 449 587 490 et
604 448 782 490 tantum
808 443 966 491 flebile
993 442 1140 490 Troia
1165 442 1338 499 solum3
1416 480 1426 499 ,

214 527 582 590 Deiphobusque
603 527 746 585 iacet,
780 526 902 575 iacet
921 525 1056 572 Asius
1085 532 1132 572 et
1150 510 1274 573 iacet
1299 524 1479 574 Hector
1654 524 1723 573 15

286 610 350 657 Et
378 609 660 671 quicumque
681 608 758 656 tui.
773 622 931 657 caussa
949 608 1125 655 timoris
1152 614 1272 664 erat3

215 725 311 764 Inita
339 727 407 764 Nil
423 728 491 763 tibi
513 727 703 763 rescribam
721 738 784 762 cur
798 726 885 762 vis?
910 725 995 763 Nic.
1007 725 1184 762 Heinsius
1206 725 1389 763 correxit:
1412 738 1520 764 curae
1538 731 1590 764 est
1606 725 1723 774 [quod

215 787 385 835 glossam
406 786 587 833 vulgatae
608 784 781 821 lectionis
802 795 883 820 esse
904 784 1078 830 dixerim]
1100 785 1216 831 idque
1246 781 1444 831 explicuit:
1465 785 1580 838 ‘mihi
1608 795 1723 821 curae

219 848 279 880 est
289 844 315 880 ’.
372 843 616 889 Receperunt
643 843 742 879 hanc
770 842 1023 879 coniecturam
1045 842 1208 879 editores
1232 854 1318 878 cum
1339 843 1556 879 Burmanno
1580 854 1721 880 omnes.

217 896 298 938 Sed
326 897 491 948 primum
508 901 584 937 hoc
599 900 698 936 miro
719 900 834 936 modo
856 900 998 936 dictum
1021 905 1119 936 esset
1139 903 1151 920 ‘
1164 912 1255 937 curo
1280 900 1377 937 nihil
1395 901 1623 940 rescribere'
1651 914 1721 949 pro

216 960 381 1008 simplici
409 958 528 995 ‘nihil
547 959 737 1003 rescribo’
766 959 830 995 vel
852 959 969 994 ‘nihil
992 958 1241 1002 rescribam’3
1272 958 1407 1006 deinde
1434 960 1562 996 Ulixes
1592 964 1723 1007 aperte

215 1018 381 1065 respexit
400 1018 610 1063 Penelopes
631 1018 849 1053 mandatura
861 1017 969 1053 Ovid.
987 1017 1104 1063 Epist.
1124 1018 1141 1052 1
1152 1043 1162 1061 ,
1182 1016 1237 1053 22
1265 1018 1331 1053 Nil
1345 1018 1436 1058 mihi
1452 1019 1646 1061 reacribas3
1663 1024 1723 1054 at-

216 1084 336 1114 tamen
356 1075 433 1123 ipae
452 1076 568 1120 veni„
607 1071 722 1122 quem
751 1076 880 1112 locum
907 1075 1010 1111 idem
1036 1075 1214 1112 Heinsius
1244 1076 1410 1113 turbavit
1438 1076 1722 1125 distinguendo:

218 1137 283 1173 Nil
298 1136 389 1172 mihi
415 1136 588 1171 rescribas
600 1139 788 1176 -attamen5
816 1135 892 1181 ipse
906 1136 1002 1177 veni,
1024 1138 1063 1170 et
1090 1134 1333 1181 corrigendo:
1355 1136 1419 1170 sed
1438 1140 1567 1172 tamen.
1625 1136 1724 1170 Gum

216 1197 348 1230 autem
368 1192 444 1231 viri
471 1192 572 1228 docti
601 1191 896 1236 intellexissent,
927 1198 1085 1229 attamen
1110 1191 1258 1228 etiamsi
1278 1191 1468 1228 interdum
1495 1193 1657 1229 secundo
1684 1196 1724 1228 et

216 1250 332 1288 tertio
351 1251 439 1287 loco
458 1250 614 1297 ponitur
636 1249 760 1296 [Ovid.
778 1250 896 1296 Epist.
908 1251 972 1293 xl,
992 1249 1094 1293 1⁰6„
1125 1250 1243 1292 xvn,
1270 1248 1368 1294 184„
1394 1250 1550 1286 Metam.
1570 1252 1614 1294 X,
1626 1249 1724 1293 428„

215 1308 502 1352 Martial.‘11‚7‚
520 1307 596 1353 7.]‚
617 1319 824 1352 numquam
845 1312 971 1344 tamen
990 1307 1030 1343 in
1049 1308 1125 1342 fine
1146 1307 1350 1344 sententiae
1371 1309 1551 1344 collocari
1563 1308 1612 1354 [v.
1624 1309 1722 1344 Len-

217 1368 305 1413 nep.
324 1366 373 1403 ad
393 1366 505 1402 illum
526 1360 639 1412 loc.]{
668 1370 913 1402 correxerunt
940 1366 1105 1402 Gronov.
1135 1365 1344 1402 Observatt.
1363 1366 1402 1410 1,
1429 1365 1513 1404 222
1534 1371 1574 1403 ut
1593 1372 1722 1411 tamen,

217 1425 467 1472 Wiedeburg.
486 1425 606 1461 Lectt.
628 1414 786 1460 variant.
807 1423 847 1460 in
868 1424 1098 1460 Heroidibus
1119 1424 1226 1460 Ovid.
1244 1435 1291 1459 ex
1313 1424 1405 1460 Cod.
1424 1425 1633 1461 Helmstad.
1657 1437 1723 1460 ex-

219 1486 353 1529 cerptt.
374 1494 472 1529 spec.
495 1483 526 1518 1.
554 1494 595 1529 p.
613 1482 710 1518 vul.
736 1486 780 1517 -et
797 1482 928 1518 Brink.
946 1493 1006 1528 ap.
1027 1482 1211 1531 Lennep.:
1230 1486 1271 1517 tu
1290 1487 1427 1526 tamen,
1443 1482 1723 1520 Frid.Heusin-

217 1553 301 1589 ger.
326 1540 535 1587 [probante
554 1539 761 1576 Kuinoelio
785 1540 1004 1576 Animadvv.
1028 1540 1154 1576 Critic.
1181 1540 1221 1575 in
1250 1540 1357 1577 Ovid.
1387 1541 1545 1577 Heroid.
1572 1553 1670 1587 spec.
1691 1542 1723 1578 1.

217 1611 257 1646 p.
280 1598 353 1646 3.]=
382 1599 432 1635 ah
453 1604 583 1635 tamen.
642 1597 720 1634 Sed
741 1609 863 1644 neque
888 1599 961 1634 hae
983 1597 1190 1644 particulae
1212 1597 1252 1633 in
1276 1598 1351 1634 fine
1371 1598 1577 1635 sententiae
1601 1600 1723 1635 collo-

218 1659 356 1693 c'antm·
385 1656 447 1702 [V.
463 1656 637 1704 &Werfen
653 1655 694 1691 in
721 1655 817 1690 Actt.
839 1656 1071 1691 Monacenss.
1100 1656 1143 1699 I,
1169 1656 1231 1691 IV.
1260 1668 1296 1702 p.
1315 1655 1439 1702 5²³4,
1466 1661 1580 1702 atque
1607 1656 1724 1693 totius

217 1714 416 1761 Epistolae
437 1724 556 1749 nexus
583 1713 783 1761 vulgarem
810 1713 1109 1757 distinctionem,
1148 1725 1262 1760 quam
1293 1713 1400 1758 dedi,
1438 1715 1615 1761 postulat.
1645 1714 1722 1751 vid.

218 1773 346 1810 Hand.
366 1772 407 1808 in
429 1772 533 1809 Diar.
554 1773 698 1808 lenens.
719 1769 826 1808 1815.
850 1774 910 1808 ch.
933 1770 993 1808 15.
1013 1784 1051 1817 p.
1072 1770 1154 1808 115.
1183 1773 1314 1817 Neque
1332 1774 1405 1808 hac
1424 1772 1724 1818 interpunctione

219 1828 370 1866 servata
388 1841 475 1865 cum
496 1834 652 1866 auctore
672 1829 810 1864 Electt.
825 1830 938 1864 Eton.
960 1831 1010 1864 sic
1030 1825 1167 1873 lamen,
1187 1833 1253 1865 aut
1275 1842 1361 1865 cum
1370 1830 1541 1868 Pontano
1562 1829 1602 1865 in
1621 1830 1724 1866 Bur-

220 1887 350 1925 manni
366 1887 515 1937 Syuog.
534 1888 669 1936 Epistt.
692 1887 806 1924 Tom.
828 1889 894 1924 III.
925 1900 961 1935 p.
983 1885 1081 1931 774„
1111 1888 1283 1925 Grunero
1302 1889 1349 1925 de
1371 1887 1479 1925 Ovid.
1498 1876 1643 1934 aliquot
1662 1890 1723 1925 lo-

184 1964 195 1969 -
221 1948 275 1983 cis
290 1947 436 1982 dissert.
463 1958 500 1992 p.
520 1946 556 1983 ὃ.
588 1951 626 1983 et
645 1946 726 1982 cod.
748 1946 876 1981 Guelf.
899 1946 955 1981 1.:
976 1953 1015 1981 at
1035 1952 1155 1982 tamen
1177 1946 1412 1981 scribendum
1431 1950 1499 1982 est.
1558 1947 1722 1983 Gravem

221 2003 324 2042 enim
343 2004 611 2041 sententiarum
633 2003 906 2051 oppositionem
925 2004 1116 2051 Penelope
1135 2007 1232 2051 part.
1252 2009 1408 2040 attamen
1429 2002 1578 2041 indicat.

337 2062 398 2098 12.
428 2063 498 2098 Ed.
521 2064 612 2099 ven.
633 2062 760 2098 1486.=
789 2064 917 2105 tulcra,
938 2075 959 2098 e
977 2062 1070 2098 vitio
1088 2063 1371 2110 typographico.

288 2126 291 2128 '
337 2120 398 2157 13.
429 2121 525 2157 Edd.
545 2122 661 2156 Venn.
684 2124 723 2156 et
740 2120 918 2156 Aldinae:
939 2122 1060 2164 Grais,
1078 2132 1125 2155 ex
1142 2119 1304 2169 vulgari,
1319 2132 1416 2167 quae
1434 2123 1523 2157 tunc
1532 2118 1619 2163 fuit,
1629 2118 1720 2155 scri-

221 2178 335 2214 bendi
355 2178 515 2215 ratione.
546 2179 654 2214 Conf.
676 2178 783 2214 Ovid.
804 2179 923 2225 Epist.
943 2180 982 2223 1,
1009 2178 1046 2214 3.

338 2236 397 2273 14.
426 2237 556 2273 venet.
586 2235 713 2271 1486.=
744 2238 860 2272 (stote.

336 2292 396 2330 15.
426 2294 525 2331 Edit.
547 2295 644 2330 Dan.
664 2293 812 2331 Heinsii
830 2293 957 2330 164⁷.=
985 2294 1079 2330 iacet
1099 2292 1252 2337 Aeinus,
1279 2292 1439 2330 ridiculo
1457 2304 1600 2331 errore.
1646 2293 1719 2330 Ve-

222 2353 298 2386 net.
326 2351 454 2389 usa:
481 2352 780 2399 Deiphoebusque.
917 2350 921 2353 ’

180 2422 185 2424 ⁴
301 2430 308 2437 -
342 2408 403 2445 16.
430 2410 548 2445 Aldus
569 2408 730 2456 scripsit:
750 2413 862 2452 erant,
882 2409 983 2454 quod
1002 2407 1180 2455 Nauger.,
1206 2407 1386 2452 Vincent„
1399 2407 1717 2455 Micyll.‚Be1-sm.

227 2467 268 2500 ot
292 2464 418 2516 Plant.
446 2471 610 2505 tuentur.
668 2467 746 2503 Sed
774 2467 970 2514 vulgatum
1003 2472 1081 2503 erat
1111 2466 1191 2503 Nic.
1212 2466 1388 2502 Heinsius
1415 2471 1516 2502 recte
1543 2466 1716 2503 restituit.

227 2523 412 2569 Respexit
431 2525 593 2560 Sabinus
615 2526 722 2560 Ovid.
744 2526 783 2568 I,
813 2524 871 2559 13.
894 2536 991 2568 sqq„
1012 2529 1051 2560 et
1067 2526 1319 2560 nosterxlocus
1339 2524 1534 2559 confirmat
1551 2524 1640 2559 ibid.
1662 2536 1716 2559 vs.

226 2579 287 2616 16.
316 2581 535 2617 lectionem:
563 2583 768 2617 Antilochus
792 2582 904 2617 nostri
923 2593 1046 2617 caussa
1077 2583 1214 2618 timoris
1241 2587 1328 2617 erat.
1385 2581 1597 2630 Haeserunt
1617 2581 1717 2617 enim

226 2638 283 2673 ibi
304 2644 460 2685 propter
479 2652 539 2675 vv.
560 2639 818 2685 praecedentia
837 2641 943 2674 timeo
968 2643 1007 2673 et
1034 2641 1192 2680 timoris,
1220 2640 1320 2674 unde
1342 2639 1520 2674 Francius
1551 2644 1590 2675 et
1617 2640 1715 2675 Bur-

228 2707 387 2740 mannus
407 2709 430 2732 e
450 2697 665 2732 coniectura
683 2696 845 2732 tremoris
865 2700 902 2731 et
922 2695 1063 2731 Auctor
1081 2696 1216 2731 Electt.
1235 2696 1346 2731 Eton.
1368 2688 1407 2731 et
1426 2696 1658 2744 Wiedeburg·
1677 2709 1714 2742 p.

226 2754 298 2790 IX:
317 2766 338 2789 e
359 2754 442 2791 cod.
460 2754 603 2799 Vossii,
631 2755 806 2801 Langob..
832 2757 871 2789 et
889 2754 1050 2789 Hehnst.
1080 2754 1213 2789 doloris
1235 2749 1505 2799 praetulerunt.
1563 2754 1638 2789 Sed
1667 2753 1717 2788 ti-

227 2811 325 2847 muit
341 2812 556 2859 Penelope,
588 2825 636 2848 ne
662 2812 792 2848 Ulixes
819 2810 960 2857 periret
989 2815 1028 2846 et
1055 2804 1335 2846 interficeretur.
1403 2812 1517 2846 Dolor
1538 2811 1657 2858 igitur
1675 2810 1715 2844 in

225 2867 286 2906 hia
305 2881 354 2906 ne
372 2870 501 2909 locum
522 2870 675 2919 quidem
691 2870 828 2914 habet,
855 2875 987 2907 tremor
1002 2873 1129 2906 autem
1150 2869 1303 2905 modum
1320 2869 1465 2906 excedit
1486 2872 1524 2906 et
1549 2879 1635 2904 cum
1652 2880 1713 2904 re-
