1928 3186
795 151 1199 205 *25—

253 278 369 307 num
406 266 523 322 sint,
561 274 623 312 an·
657 254 962 311 adulterinum
1000 264 1135 309 huius
1163 272 1321 325 poetae
1359 280 1492 327 opus.
1541 264 1612 308 ’81
1644 263 1747 324 quis

254 334 400 379 adhuc
425 336 656 383 dubitandi
674 337 833 392 locus,
872 335 1078 398 perlectis
1117 334 1270 381 Ulixis
1310 345 1354 379 et
1378 333 1747 395 Demophoontis

253 407 645 464 responsionibus,
686 408 802 460 (ubi,-
831 407 934 452 licet
968 414 1128 450 rerum
1165 406 1255 449 sint
1291 405 1472 467 inopes,
1522 420 1605 450 neo
1644 405 1744 449 ullo

174 531 178 535 ,
252 471 348 519 fere
373 477 694 522 sententiarum
712 469 911 522 *lumine*
927 475 1230 529 illustrentur,
1262 476 1428 521 enitent
1453 484 1606 523 tamen
1623 490 1746 520 non-

253 544 405 599 nulla,
446 559 561 604 quae
601 547 765 591 Ovidio
801 546 971 610 tribuas
1016 562 1111 589 non
1156 545 1384 596 iniuriose)
1432 546 1625 589 solvitur
1671 545 1748 589 hio

254 614 401 668 [tertia
428 615 647 675 Epistola]
679 614 867 659 omnino
887 614 1159 658 difficultatis
1188 614 1372 658 nodus.1
1394 614 1519 669 Quid
1548 615 1669 659 enim
1696 614 1746 657 in

253 680 337 725 hac
364 683 531 728 ultima
556 684 879 745 deprehendas,
909 684 1033 743 quod
1061 683 1296 737 Ovidium,
1324 683 1397 730 vel
1426 700 1452 728 a
1476 684 1745 744 longinquo,
1772 704 1775 708 ·

252 749 438 827 referat3
477 754 567 799 sive
602 770 673 799 res
714 754 854 814 ipsas,
895 754 1006 810 sive,
1058 765 1148 813 qua
1187 751 1458 808 efferuntur,
1496 754 1746 800 verborum

253 820 351 865 vim
380 830 548 882 spectes
590 832 633 868 et
672 821 963 883 elegantiam?
1020 822 1298 868 scribentem
1337 822 1445 867 haec
1483 839 1580 868 non
1616 823 1744 877 fallit,

252 889 394 933 viros
404 907 496 936 esse
524 893 768 948 litter-itm,
807 907 1008 953 quorum
1045 906 1186 950 grave
1210 891 1346 937 mihi
1366 900 1410 935 et
1439 892 1745 953 appetendum

252 957 492 1016 iudicium,
524 964 603 1022 qui
629 979 725 1008 non
763 963 825 1007 sic
867 961 1141 1013 existiment3
1181 967 1224 1003 et
1251 960 1475 1005 nonnullo
1510 962 1559 1005 in
1595 962 1743 1032 pretio

252 1028 534 1075 Sabinianus
563 1029 692 1090 (quas
722 1047 803 1090 ego
816 1031 1101 1075 Heia-vianae
1122 1029 1283 1072 melius
1312 1030 1523 1090 dixerim)
1553 1013 1744 1090 Episto-

251 1095 317 1140 las
345 1096 561 1153 habeant,
597 1115 677 1143 nec
713 1100 775 1144 ita
796 1099 952 1160 parvi
948 1099 1123 1146 ducant
1160 1096 1422 1153 faciendas,
1445 1115 1571 1159 quae
1600 1100 1743 1144 Hei-n-

252 1167 373 1211 sium
403 1170 595 1212 vicissim
624 1177 667 1213 et
694 1170 1036 1227 Burmannum‚
1051 1167 1325 1225 ,nuperrime
1349 1168 1629 1228 Lennepium
1655 1184 1744 1213 ex*

253 1238 489 1281 ercuerint.
547 1237 633 1281 Sed
662 1237 751 1282 hoc
777 1238 900 1298 ipso,
929 1252 1043 1281 meo>
1066 1235 1247 1294 quidem
1266 1250 1427 1291 sensu,
1466 1238 1744 1299 comproba·—

252 1312 350 1359 tur,
392 1322 530 1365 quam
558 1309 741 1365 foedae,
780 1324 920 1369 quam
953 1322 1117 1367 pravae
1145 1321 1170 1350 e
1205 1305 1334 1365 prelo
1367 1307 1580 1366 primum
1619 1308 1743 1353 exie.—

251 1374 373 1427 rint,
414 1392 559 1435 quum
594 1381 675 1425 vix
712 1387 947 1424 tantorum
981 1375 1266 1420 medicorum
1304 1391 1391 1435 ope
1427 1376 1591 1426 collata·
1620 1392 1744 1424 resa·-

252 1446 446 1490 nuerint.
509 1449 609 1493 Vix
634 1450 758 1503 dico,
789 1456 832 1492 et
859 1447 959 1492 iure
987 1444 1196 1503 quidem:
1226 1452 1339 1502 quot
1367 1438 1519 1500 enim,
1550 1455 1623 1491 tot
1649 1448 1744 1492 iam

252 1511 439 1560 feliciter
468 1518 732 1573 emendatis,
761 1522 1006 1576 supersunt
1034 1513 1326 1568 emendanda,
1356 1515 1495 1560 ut2ad
1510 1515 1745 1574 Ovidium,

252 1585 381 1630 iusto.
415 1601 594 1647 semper
628 1576 883 1638 intervallo,
927 1584 1168 1642 aliquando
1215 1584 1445 1632 accedant!
1499 1585 1742 1637 Ceterum,

254 1655 448 1713 quidde
476 1672 525 1700 ea
551 1671 602 1699 re
629 1656 841 1708 sentiam,
869 1653 1023 1697 libere<
1044 1659 1178 1703 etex
1204 1652 1355 1696 animo
1373 1654 1591 1712 protuli,
1620 1670 1744 1702 ,con-

252 1738 394 1778 cessa,
433 1730 513 1779 ut}
528 1724 677 1777 decet,
722 1722 815 1767 aliis
851 1721 977 1769 aliter
1012 1719 1228 1767 sentiendi
1253 1720 1499 1767 famatam)
1529 1748 1586 1757 —
1643 1723 1744 1768 Iam

252 1807 361 1838 vero
391 1794 482 1839 duo
510 1788 1302 1854 potissimumsargumentaefuerunt,
1332 1791 1496 1849 quibus
1523 1792 1742 1855 hastpi-

253 1862 389 1906 stolas
418 1863 705 1917 damnarent,
735 1860 928 1905 alterum
949 1857 1080 1918 'quod
1107 1859 1499 1911 omnistractendi
1528 1862 1655 1912 ratio
1673 1864 1743 1910 ie-

252 1931 359 1974 iuna
389 1939 431 1974 et
458 1935 641 1995 manca,
675 1930 867 1974 alterum
895 1927 1018 1987 quod
1045 1927 1293 1972 verborum
1320 1943 1466 1973 nexus
1497 1938 1541 1973 et
1566 1933 1743 1979 oratio-
1790 1969 1799 1979 s

253 2000 325 2043 nis
357 2000 484 2044 color
512 1988 722 2060 plurimis
751 2000 800 2042 in
830 1997 950 2041 locis
970 2011 1145 2055 parum
1178 1996 1359 2054 elegans
1380 2006 1424 2042 et
1450 1998 1639 2044 Latinus
1668 2003 1741 2047 sit.

251 2069 505 2117 Potuissent
525 2069 692 2113 addere
706 2064 915 2120 tertium,
945 2064 1071 2124 quod
1090 2064 1144 2108 ab
1161 2064 1400 2125 incipiente
1417 2068 1597 2119 saeculo
1612 2069 1740 2118 XVI.

254 2154 392 2182 nemo
434 2138 641 2182 codicem
674 2137 841 2180 harum
867 2133 1177 2210 Epistolarum
1212 2136 1586 2199 manuscriptum
1614 2140 1741 2195 vidit,

253 2215 389 2267 atque
409 2207 529 2251 unde
547 2207 663 2250 haec
694 2204 890 2257 carmina
914 2203 963 2246 in
992 2201 1232 2249 editionem
1250 2204 1467 2268 Venetam
1486 2210 1617 2255 1486,
1640 2210 1745 2271 Pri..¹
1812 2259 1824 2270 1

252 2291 388 2320 mum
437 2276 638 2322 venerint
681 2275 952 2332 ignoramus.
1031 2271 1243 2326 Quatuor
1260 2301 1267 2319 2
1286 2275 1407 2319 enim
1446 2275 1579 2332 libri,
1625 2294 1743 2339 quos

251 2345 554 2403 Bersmannus
589 2342 643 2387 ad
671 2342 815 2403 Epist.
851 2340 931 2395 ΙΙΙ,
950 2344 1039 2399 92.
1060 2390 1063 2392 A
1084 2344 1481 2399 commemoravit,
1528 2347 1743 2395 editiones

252 2422 374 2468 sunt,
396 2421 453 2458 vet.
479 2413 593 2457 liber
623 2427 725 2466 ms.,
756 2426 893 2473 quem
911 2410 1159 2458 Swarthius
1188 2419 1232 2456 et
1260 2412 1389 2473 Gasp.
1415 2413 1629 2467 Barflu'us
1656 2419 1744 2470 ha-

252 2484 403 2526 buisse
430 2482 710 2534 dictitarunt‚
741 2480 870 2524 fictus
901 2487 965 2524 est
1000 2487 1043 2523 et
1070 2479 1242 2531 horum
1270 2482 1480 2529 virorum
1515 2488 1744 2535 coniectu-

251 2568 336 2598 ras
354 2551 564 2596 continet.
620 2548 674 2594 Id
705 2565 800 2597 non
837 2549 989 2596 solum
1028 2549 1189 2596 docent
1222 2550 1454 2608 lectiones,
1493 2571 1602 2614 quas
1638 2558 1745 2603 inde

251 2620 573 2679 protulerunt,
609 2619 750 2664 mirae
777 2619 881 2663 illae
909 2627 954 2663 et
978 2620 1192 2664 maxime
1228 2636 1253 2664 a
1285 2622 1464 2682 vulgato
1502 2632 1636 2668 textu
1663 2626 1743 2675 (11·

252 2696 437 2744 stantes,
485 2689 563 2733 sed
600 2689 841 2735 confirmat
867 2689 1010 2734 etiam
1045 2678 1139 2740 Nic.
1186 2690 1392 2735 Heinsius
1422 2692 1478 2736 ad
1513 2694 1653 2771 Epist.
1677 2695 1740 2740 Ι..

252 2758 428 2802 ‘Nullos
456 2758 600 2803 libros
627 2760 776 2805 videre
793 2758 907 2803 mihi
934 2759 1120 2817 contigit
1137 2774 1278 2804 manu
1301 2768 1526 2812 exaratos,
1556 2763 1606 2806 in
1634 2765 1741 2821 qui-

256 2827 336 2872 bus
363 2826 449 2873 hae
475 2826 700 2873 exstarent
727 2827 976 2889 Epistolae.-
997 2827 1146 2886 [Conf.
1174 2828 1343 2876 Heinsii
1368 2828 1509 2892 Epist.
1539 2831 1599 2878 ad
1617 2833 1741 2878 Gro-
