1928 3186
745 139 860 150 .-—.
914 118 974 160 2⁰
1031 137 1144 145 .—

130 227 133 230 ⁴
206 231 347 277 detur.
406 218 620 278 Horatius
644 238 795 277 autem
820 227 960 291 Epist.
982 226 1018 283 I,
1037 229 1080 283 5,
1102 229 1176 274 27.
1235 224 1458 272 Sabinumx
1474 225 1702 287 quendam

205 301 464 360 puellarum
493 302 824 360 epularumque
852 306 1078 343 amantem
1108 297 1264 350 affert,
1302 298 1357 341 de
1389 311 1482 355 quo
1511 297 1704 340 Bothius

207 378 357 416 notat:
388 369 596 414 ‘Sabinus
626 368 700 414 ille
729 384 820 413 esse
841 368 1039 413 creditur
1056 366 1199 411 Aulus
1214 366 1417 420 Sabinus,
1447 373 1581 425 poeta
1608 380 1704 408 non

207 439 436 497 ignobilis,
486 440 557 482 cui
606 438 791 498 quidam
838 437 1048 481 tribuunt
1084 435 1239 496 elegias
1279 435 1453 496 aliquot
1488 432 1704 483 heroicas,

207 524 322 567 quae
357 509 474 551 inter
502 508 648 552 Ovidii
676 508 931 567 leguntur.'
1003 506 1175 550 Eadem
1204 506 1301 551 fere
1329 507 1391 550 ibi
1418 505 1704 550 tradiderunt

207 577 377 621 Dacier.
412 584 455 620 et
493 576 738 632 Sanadon.,
769 578 845 621 sed
875 592 967 637 quo
1002 578 1305 621 coniecturam
1332 575 1570 620 firmarent
1607 590 1703 620 non

208 647 477 691 habuerunt.
549 646 830 691 Probabilior
872 664 964 696 esse
1002 648 1180 692 videtur
1214 646 1458 693 Wiclandii
1496 646 1704 706 suspicio,

169 773 173 777 Δ
210 718 290 775 qui
329 717 377 759 in
394 716 587 760 Horatii
624 716 725 761 loco
765 717 987 761 intellexit
1030 717 1248 761 Sabinum
1287 717 1530 770 Tironem,
1569 729 1706 774 quem

209 784 464 845 ’κηπουρικα
505 788 729 852 scripsisse
766 796 810 831 et
837 787 1080 831 Maecenati
1118 787 1338 831 dedicasse
1365 785 1534 835 Plinius
1562 785 1620 829 H.
1647 783 1703 828 N.

212 855 349 911 XIX,
377 860 448 901 10.
467 863 632 901 narrat.
677 846 833 900 Plures
854 857 985 899 etiam
1007 855 1193 899 Sabinos
1212 855 1374 898 Seneca
1395 846 1554 898 rhetor
1576 868 1706 897 com-

212 932 459 978 memorat,
505 941 562 969 ex
595 926 757 985 quibus
787 926 836 969 C.
868 925 1079 969 Clodium
1109 924 1327 968 Sabinum
1358 924 1706 968 declamatorem

212 994 382 1037 harum
401 994 713 1053 Epistolarum
733 1003 963 1060 auctorem
993 1010 1098 1049 esse,
1121 994 1334 1047 Crinitus,
1364 993 1592 1037 Pontanus
1611 991 1707 1043 alii-

214 1078 305 1122 que
332 1071 598 1107 statuerunt.
658 1064 905 1109 Sententiae
935 1073 1198 1124 argumenta
1226 1078 1322 1107 non
1350 1063 1619 1114 attulerunt,
1665 1069 1708 1104 et

213 1133 360 1175 nescio
385 1147 443 1175 an
470 1147 566 1175 non
588 1131 827 1176 habuerint
854 1134 995 1187 aliud,
1028 1149 1170 1192 quam
1198 1132 1323 1191 quod
1351 1131 1471 1191 apud
1497 1131 1706 1174 Senecam

216 1199 353 1244 simul
382 1200 589 1245 Aurelius
617 1200 786 1247 Fuscus
815 1211 858 1247 et
886 1203 1064 1247 Portius
1093 1203 1256 1255 Latro,
1285 1201 1364 1259 qui
1392 1200 1603 1245 Ovidium
1633 1214 1708 1242 ar-

216 1270 311 1314 tem
332 1270 606 1315 rhetoricam
625 1270 890 1327 docuerunt,
912 1280 1240 1325 memorantur,
1262 1271 1405 1330 iisque
1433 1270 1611 1314 additur
1629 1268 1708 1312 Iu-

216 1338 304 1382 lius
332 1339 602 1394 Montanus,
633 1355 770 1399 quem
799 1342 987 1387 Ovidius
1015 1343 1144 1386 Pont.
1172 1341 1250 1394 IV,
1287 1345 1358 1395 16,
1384 1344 1453 1385 11.
1483 1354 1583 1383 una
1605 1353 1708 1382 cum

218 1407 385 1451 Sabino
415 1408 533 1452 inter
561 1418 717 1469 poetas
757 1411 840 1455 sibi
869 1410 1071 1469 aequales
1101 1419 1347 1454 enumerat.
1403 1410 1598 1453 Illorum
1628 1423 1710 1451 au-

218 1455 422 1520 ctoritate
451 1477 665 1522 abductus
686 1479 875 1523 Godofr.
895 1480 1039 1538 Ephr.
1061 1479 1242 1522 Mulier.
1268 1479 1429 1521 histor.
1464 1478 1576 1520 krit.
1599 1477 1711 1519 Ein-

218 1544 392 1604 leitung
428 1561 487 1590 zu
525 1545 735 1606 nothigcr
772 1548 1018 1593 Kenntniss
1052 1548 1132 1592 der
1164 1548 1241 1593 alt.
1280 1548 1354 1592 lat.
1393 1545 1712 1592 Schriftsteller

218 1615 352 1658 Tom.
372 1615 449 1658 IV.
482 1632 529 1675 p.
551 1620 621 1660 63.
677 1618 849 1661 Aulum
873 1619 1085 1661 Clodium
1107 1618 1324 1661 Sabinum
1347 1618 1504 1670 finxit,
1535 1617 1635 1674 qui,
1663 1616 1709 1657 in

219 1698 405 1743 poeseos
433 1692 476 1727 et
497 1685 601 1733 artis
619 1685 865 1732 rhetoricae
886 1671 1034 1731 studio
1063 1688 1209 1732 Ovidii
1230 1688 1391 1741 socius,
1426 1686 1506 1730 has
1523 1686 1711 1745 Episto—

219 1753 283 1797 las
314 1754 563 1813 scripserit,
596 1763 638 1799 et
667 1772 804 1814 aeque
834 1766 971 1816 atque
1010 1757 1084 1800 ille
1112 1758 1254 1815 magis
1273 1758 1321 1800 in
1339 1758 1466 1817 poesi
1495 1772 1634 1816 quam
1662 1756 1706 1798 in

222 1829 316 1865 arte
346 1823 544 1866 oratoria
574 1824 844 1869 excelluerit.
904 1826 989 1869 Sed
1018 1826 1125 1870 haee
1154 1827 1307 1870 omnia
1334 1827 1502 1870 incerta
1521 1833 1640 1879 sunt,
1670 1832 1712 1868 et.

221 1898 337 1933 recte
366 1888 435 1931 his
465 1905 559 1935 non
589 1896 768 1937 accessit
796 1896 1106 1949 Burmannus,
1136 1895 1215 1952 qui
1246 1895 1301 1938 ad
1330 1895 1456 1940 Ovid.
1485 1894 1613 1937 Pont.
1634 1892 1712 1946 IV,

223 1962 294 2009 16,
325 1961 393 2001 15.
422 1969 572 2003 notat:
607 1963 830 2005 ‘Crinitus
861 1978 968 2006 eum
1004 1963 1251 2006 Claudium
1289 1971 1419 2007 vocat
1445 1962 1521 2005 lib.
1550 1962 1627 2006 III.
1658 1962 1714 2006 de

224 2025 363 2070 Poett.
392 2031 460 2071 64.
493 2030 570 2087 qui
608 2046 633 2073 a
672 2031 833 2076 Seneca
874 2031 1057 2075 rhetore
1094 2047 1226 2091 saepe
1254 2040 1548 2076 memoratur.
1580 2039 1622 2075 et
1651 2031 1712 2075 ita

222 2097 451 2140 Pontanus
490 2107 533 2141 et
563 2099 647 2141 alii.
692 2101 804 2143 'Sed
842 2100 1015 2143 Aulum.
1053 2101 1277 2143 Sabinum
1315 2101 1520 2142 Heinsius
1560 2109 1603 2143 ct
1641 2101 1713 2142 alii

226 2166 520 2225 appellarunt.
578 2168 694 2211 Mihi
720 2169 834 2212 nihil
865 2170 919 2212 dc
949 2184 1000 2212 eo
1032 2169 1237 2213 constat.'
1296 2168 1380 2212 Sed
1410 2169 1608 2226 quisquis
1638 2168 1715 2212 illc

226 2234 387 2288 fuerit,
430 2237 587 2279 Ovidio
626 2245 779 2280 tamen
824 2238 1013 2280 amicitia
1052 2238 1314 2280 coniimctus
1350 2246 1393 2281 et
1421 2245 1559 2280 aetate
1593 2238 1715 2281 haud

229 2301 361 2344 dubie
389 2305 577 2361 aequalis
606 2304 1027 2351 fuit.l1nmatura
1055 2318 1205 2350 autem
1232 2314 1382 2351 morte
1411 2307 1550 2363 obiit,
1591 2309 1713 2387 quod

228 2379 419 2416 testatur
448 2373 629 2418 Ovidius
658 2376 827 2419 Pontic.
855 2375 884 2418 l.
914 2392 973 2419 c..

400 2445 468 2490 Et
497 2445 572 2504 qui
598 2441 858 2504 Penelopae
884 2445 1128 2491 rescribere
1156 2446 1285 2491 iussit
1320 2446 1488 2493 Ulixen

459 2513 717 2557 Errantem
746 2530 883 2557 saevo
910 2531 995 2573 per
1025 2515 1113 2558 cluo
1144 2516 1289 2559 lustra
1318 2518 1454 2570 mari,

407 2583 581 2640 Quique
609 2598 744 2624 suam
778 2583 1012 2627 Troezena
1041 2583 1441 2644 imperfectumque
1470 2586 1649 2632 dierum
1694 2602 1696 2604 ·

455 2650 671 2695 Deseruit
698 2650 834 2695 celeri
861 2659 1003 2696 morte
1031 2653 1226 2697 Sabinus
1256 2670 1380 2713 opus.

227 2718 407 2763 Praeter
424 2718 651 2779 Epistolas
674 2720 818 2779 igitur
839 2720 922 2764 alia
947 2722 1135 2780 scripsit,
1157 2722 1211 2765 de
1237 2723 1398 2781 quibus
1422 2732 1575 2769 tamen
1602 2739 1717 2785 pro-

199 2843 201 2847 Ι
228 2796 333 2847 pter
343 2789 600 2849 ambiguam
618 2796 774 2835 versus
796 2791 916 2835 tertii
928 2798 970 2834 et
988 2791 1224 2836 lectionem
1244 2801 1287 2839 et
1303 2794 1714 2854 interpretationem
