1928 3186
689 105 1093 149 .-....4ss,.—.

129 221 368 285 Pervagus
402 219 514 269 hinc
546 226 648 269 toto
682 226 776 268 no‘n
810 221 923 270 felix
956 222 1151 272 differor
1184 224 1315 285 orbe,

200 304 289 362 Et,
331 320 623 365 quacumque
655 311 795 353 vocat
826 305 990 353 fluctus
1025 314 1073 353 et
1105 312 1241 366 aura,
1275 310 1415 356 feror.

128 383 229 435 Sed
263 385 301 432 si
334 385 536 433 Tiresias
569 393 665 434 tam
698 387 811 435 laeti
844 388 1067 451 providus
1101 406 1264 454 augur,

200 470 356 527 Quam
389 485 530 516 verax
562 476 689 517 vates
723 472 770 516 in
804 472 928 517 mala
962 479 1114 519 nostra
1147 473 1253 528 fui-13

128 554 193 602 Et
226 561 350 601 terra
384 560 430 600 et
463 553 662 616 pelago,
704 553 932 614 quidquid
965 556 1082 602 mihi
1114 557 1240 603 triste
1275 557 1485 617 canebat,
1568 555 1638 605 95

199 637 451 694 Emensus,
491 634 592 680 fato
612 636 722 681 -iam
754 637 949 683 meliore
982 646 1143 699 vagor.

129 718 232 766 Iam
266 718 383 765 mihi
416 717 571 764 nescio
607 732 702 778 quo
738 719 956 766 comitem
990 735 1039 765 se
1072 720 1119 765 in
1152 720 1305 767 littore
1336 721 1485 787 iungit

201 802 358 847 Pallas
396 807 442 847 et
475 800 737 861 hospitibus
771 816 859 861 per
893 801 998 847 loca
1031 807 1130 847 tuta
1164 797 1321 859 trahit,

130 884 267 933 Nunc
300 884 502 945 primum
535 882 687 928 Pallas
720 887 879 927 versae
912 888 1021 943 post
1054 882 1215 929 funera
1249 884 1423 931 Troiae

203 966 315 1012 Visa
349 965 485 1010 mihi:
520 964 727 1009 medium
760 965 981 1024 temporis
1015 965 1083 1009 ira
1116 966 1233 1010 tulit.
1532 965 1636 1011 100

131 1046 374 1107 Quidquid
410 1044 590 1093 Oilides
625 1044 936 1103 commiserat,
973 1047 1183 1092 omnibus
1217 1061 1334 1093 unus

199 1128 437 1183 Peccavit3
472 1127 641 1186 Danais
676 1127 885 1172 omnibus
919 1126 986 1172 ira
1018 1142 1202 1174 nocens.

244 1248 305 1285 91.
335 1248 471 1296 Margo
495 1246 734 1282 Bersmanni:
763 1251 875 1282 totum
893 1259 964 1281 non
977 1248 1013 1292 f.
1027 1246 1062 1283 d.
1085 1248 1177 1283 orbe.
1207 1247 1445 1285 Burmannus
1455 1252 1568 1293 errat,
1586 1260 1633 1286 ex

129 1306 254 1356 Μαι-ς.
275 1308 422 1342 Bersm.
445 1306 581 1341 citans:
608 1307 794 1351 Pervagus
814 1306 880 1339 hoc
900 1310 1011 1340 totum
1031 1306 1123 1340 enim
1136 1307 1242 1350 felix.

246 1364 306 1401 92.
336 1365 529 1400 Edd.vett.
544 1374 694 1398 omnes:
716 1374 941 1408 quacumque.
970 1362 1147 1411 Heinsius
1165 1375 1377 1410 quocumque
1394 1364 1521 1408 edidit,
1531 1366 1632 1411 quod

129 1422 294 1459 editores
325 1426 427 1457 recte
459 1420 680 1467 praetulisse
712 1419 898 1456 videntur.
966 1420 1071 1456 Idem
1104 1420 1279 1457 Heinsius
1307 1421 1463 1458 maluit:
1493 1429 1632 1468 vocant,

127 1481 231 1527 quod
252 1481 417 1525 Lennep.
444 1483 482 1514 et
501 1478 649 1513 Mitsch.
672 1481 905 1522 receperunt.

244 1537 304 1574 93.
328 1538 423 1573 Edd.
435 1537 615 1572 Venetae:
634 1536 795 1580 tyresias.
819 1534 948 1569 Prima
959 1532 1064 1569 1485.
1076 1533 1208 1570 etiam:
1225 1536 1326 1580 lethi,
1339 1538 1500 1574 secunda
1512 1537 1630 1575 1492:

128 1595 236 1639 lenti,
265 1596 351 1631 Ald.
377 1593 502 1630 1502:
533 1594 605 1629 leti.
636 1592 849 1640 Naugerius
868 1591 909 1627 in
927 1592 1011 1627 ΑΜ.
1034 1590 1140 1628 1515.
1161 1600 1261 1629 recte
1283 1596 1510 1636 emendavit:
1530 1598 1628 1634 laeti.

130 1653 194 1690 Sic
217 1653 446 1689 Vincent.*et
464 1651 633 1696 reliquae
656 1651 759 1686 editt.

243 1711 304 1748 96.
328 1713 413 1756 fato
435 1711 461 1746 i.
483 1710 628 1744 meliore
648 1721 776 1755 vagor.
808 1707 872 1743 Sic
891 1708 949 1744 ed.
972 1709 1061 1743 ven.
1083 1707 1188 1745 1492.
1205 1713 1244 1745 et
1264 1722 1360 1755 quae
1382 1716 1531 1748 secutae
1542 1716 1629 1750 sunt

130 1781 280 1813 omnes,
309 1772 459 1815 praeter
481 1767 615 1812 quod'
603 1779 643 1801 ιιι
674 1767 759 1802 Ald.
787 1764 893 1801 1515.
919 1770 956 1801 et
973 1764 1078 1801 1533.
1101 1769 1189 1811 satu
1219 1769 1371 1814 legitur.
1432 1770 1507 1805 Sed
1536 1771 1626 1807 Ven.

128 1827 257 1863 1486..
279 1828 376 1872 satis
396 1828 471 1862 iam
488 1825 645 1861 melioris
666 1836 799 1872 augur,
828 1824 927 1859 unde
947 1823 1136 1872 corrigere
1158 1824 1293 1897 possis.
1318 1827 1425 1871 sati'
1409 1840 1484 1863 tam
1502 1829 1627 1864 melio-

127 1887 180 1921 ris
201 1894 306 1932 agor.

244 1942 303 1978 98.
333 1942 423 1977 Ven.
459 1940 586 1980 1486.=
614 1941 727 1977 thrait
758 1952 827 1986 pro
854 1941 977 1976 trahit.
1046 1941 1224 1977 ceterum
1255 1953 1315 1980 vv.
1346 1942 1448 1978 Nunc
1473 1943 1628 1989 primum

129 2002 251 2037 Pallas
267 2020 316 2026 —
343 2001 431 2036 Visa
461 2001 551 2035 mihi
572 2011 618 2034 ex
644 1998 805 2034 sollenni
825 1998 971 2034 ratione
997 1999 1122 2034 addita
1151 1999 1279 2035 latiori
1302 2000 1541 2046 descriptioni
1566 2001 1626 2037 in·-

130 2058 308 2094 serviunt.
366 2057 501 2092 Delevi
520 2056 638 2103 igitur
657 2060 859 2101 punctum,
889 2056 990 2101 quod
1013 2057 1129 2102 vulgo
1152 2060 1236 2101 post
1254 2059 1365 2092 trahit
1385 2058 1538 2104 legitur.

243 2114 302 2151 99.
336 2115 426 2150 Ven.
456 2113 585 2149 1492:
618 2126 741 2148 versae
760 2118 875 2158 potest
887 2115 1042 2158 funera.
1093 2113 1183 2149 Ven.
1205 2112 1333 2149 1486.=
1357 2119 1439 2161 post
1452 2116 1594 2159 sunere.

242 2172 323 2208 100.
353 2173 443 2208 Ven.
474 2171 602 2207 1486.:
630 2173 797 2217 temporis
822 2184 887 2207 rea
910 2172 1001 2207 tulit.

243 2230 325 2266 101.
355 2231 449 2266 Edd.
476 2231 659 2265 Venetae:
692 2230 866 2276 Quicquid
888 2234 922 2264 et
944 2229 1095 2265 Oenides
1114 2229 1336 2265 commiseras
1365 2228 1483 2274 (Ven.
1505 2228 1623 2266 14923

127 2288 374 2335 commiserat)
406 2289 561 2324 omnibus
583 2299 672 2323 unus
702 2288 851 2324 Peccavi
871 2290 940 2323 etc.
953 2313 965 2332 ‚
995 2298 1090 2333 quae
1114 2299 1222 2323 sensu
1245 2292 1282 2324 et
1314 2287 1459 2324 ratione
1483 2292 1622 2325 carent.

128 2346 227 2381 Cum
247 2340 337 2381 Ven.
359 2345 464 2382 1492.
496 2345 677 2382 consentit
696 2346 780 2381 Ald.
802 2342 907 2380 1502.
964 2345 1154 2381 Accedunt
1180 2346 1263 2381 edd.
1290 2345 1438 2392 Micylli
1458 2350 1495 2381 et
1509 2347 1623 2381 Bers-

126 2403 257 2438 manni
268 2429 279 2446 ‚
309 2402 380 2437 nisi
399 2403 498 2447 quod
512 2404 670 2447 peccavit
682 2406 845 2438 tuentur.
885 2402 1004 2438 Recte
1019 2407 1146 2438 autem
1162 2403 1291 2438 locum
1303 2402 1511 2437 emendavit
1521 2402 1622 2438 Nau-

127 2459 258 2508 gerius
279 2459 318 2495 in
341 2461 425 2496 Ald.
448 2457 552 2494 1515.
577 2464 615 2494 et
645 2458 773 2495 1533.=
806 2461 979 2505 Quicquid
1009 2462 1143 2496 Oilides
1164 2462 1405 2503 commiserat,
1435 2461 1560 2496 omnib.
1584 2474 1620 2497 a.

121 2520 298 2564 peccavit,
326 2518 427 2563 quod
446 2517 611 2551 Vincent.
624 2520 662 2551 et
682 2518 850 2561 reliquae
867 2517 971 2552 editt.
991 2518 1235 2553 retinuerunt.
1295 2518 1428 2553 Sermo
1451 2521 1506 2553 est
1522 2517 1621 2553 enim

127 2576 175 2614 de
198 2575 311 2611 Aiace
334 2574 433 2611 Oilei
450 2573 544 2609 filio.
605 2574 755 2609 Oenides
782 2573 883 2608 haud
905 2572 1018 2608 dubie
1044 2585 1090 2608 ex
1111 2575 1348 2619 seq.vtt³ydide
1370 2577 1493 2610 ortum
1515 2579 1581 2612 est.

243 2629 326 2669 102.
357 2633 437 2669 Nic.
461 2630 639 2667 Heinsius
662 2643 758 2667 colu:
789 2632 944 2666 omnibus
965 2631 1025 2665 ille
1043 2643 1180 2673 nocens,
1200 2643 1274 2676 quo
1293 2644 1440 2670 omnem
1457 2633 1533 2668 loci
1542 2634 1619 2669 vim

126 2691 294 2739 infregit.
338 2690 523 2727 Bentlei.:
553 2690 630 2724 illa.
661 2689 800 2724 Sensus
824 2691 896 2723 est:
926 2688 1069 2723 ‘Aiacis
1088 2687 1253 2732 facinus,
1282 2689 1495 2740 quod-unus
1517 2699 1619 2727 cour·-

126 2750 251 2792 misit.
282 2750 331 2787 ad
356 2760 486 2786 omnes
507 2747 671 2783 Graecos
690 2746 913 2783 translatum
934 2749 1011 2790 est,
1040 2750 1078 2783 et
1100 2745 1266 2784 Palladis
1284 2747 1413 2786 odium
1433 2748 1619 2793 omnibus,

128 2808 259 2852 nullo,
285 2820 334 2845 ne
356 2807 505 2855 Tydide
529 2806 702 2853 quidem,
732 2808 910 2853 excepto,
938 2804 1089 2842 nocuit.’
