1928 3186
649 121 1054 164 ...Η-

0 234 14 268 Γ
81 249 162 295 ,ex
188 234 281 296 quo
310 233 537 292 ⁶Amorum
560 230 702 276 libros
728 231 799 276 bis
827 230 970 276 editos
998 246 1093 277 esse
1119 230 1450 280 concluserunt.
1498 232 1601 279 Pri-

97 316 231 350 mum
260 304 383 347 enim
410 309 595 363 poetam
623 296 825 360 quinque
851 300 995 344 libros
1014 300 1289 361 publicasse,
1318 301 1395 346 sed
1423 300 1600 347 easdem

96 380 254 435 postea
279 371 513 417 recensitas
540 370 603 414 ita
630 370 885 428 castigasse,
923 375 978 413 ut
1015 370 1096 429 qui
1130 369 1324 415 secunda
1359 370 1455 418 vice
1494 370 1599 417 ede-

75 449 284 495 'tt-entur,
312 449 403 485 tres
440 447 623 484 tantum
660 445 959 499 superessent.
984 452 1029 485 v.
1058 438 1256 484 Masson-
1291 438 1324 484 l·.
1355 453 1395 483 c.
1424 453 1472 499 p.
1500 442 1600 494 98„

97 510 295 556 Werfer.
321 511 371 554 in
398 509 515 553 Actt.
544 507 799 553 Monacens.
828 507 874 562 I,
901 511 948 554 4.
982 525 1034 571 p.
1063 513 1168 555 498.
1199 516 1283 553 etc.
1322 508 1428 570 ‚Sed
1463 506 1601 553 dubia

96 586 250 624 tamen
277 579 401 623 illius
428 578 516 622 loci
543 577 853 639 interpretatio
883 584 963 622 est.
1030 577 1179 623 Nemo
1213 577 1399 639 quidem
1426 577 1600 622 accedet

96 648 319 703 Merulae,
349 649 428 707 qui
456 648 511 692 ad
530 648 628 692 Art.
647 648 749 691 Am.
770 646 859 702 III,
886 650 987 693 345.
1018 648 1221 708 quinque
1245 648 1388 693 lib‘ros
1414 648 1470 693 de
1489 649 1600 693 Arte

96 718 290 763 Amandi
318 725 361 762 et
388 717 609 762 Remediis
631 716 836 771 Amoris,
866 731 982 776 quae
998 716 1088 761 illis
1107 718 1394 778 temporibus
1414 719 1464 764 in
1483 718 1599 765 duos

97 786 238 831 libros
268 786 599 842 dividebantur,
627 786 864 831 intellexit.
932 786 1022 829 Sed
1049 802 1200 846 neque
1225 786 1313 831 illis
1341 788 1486 832 verbis
1514 803 1600 832 ne-

97 855 284 900 cessario
310 854 384 899 hic
412 871 566 899 sensus
595 857 731 900 inest:
762 858 774 881 ‘
787 854 881 909 Qui
909 853 1023 898 olim
1052 856 1255 915 quinque
1291 855 1397 900 libri
1425 855 1598 916 vulgati

98 933 229 979 sunt,
255 940 377 968 nunc
406 925 461 969 ad
488 926 630 969 trium
657 939 907 968 numerum
932 923 1098 968 redacti
1124 924 1434 984 prodierunt.'
1481 925 1597 969 Pos—

98 1003 207 1038 sunt
235 997 354 1039 enim
384 994 615 1054 explicari:
658 994 800 1038 ‘Naso
831 994 1060 1037 Amorum
1090 993 1289 1038 carmina
1317 993 1366 1038 in
1394 994 1598 1054 quinque

97 1063 238 1108 libros
267 1063 442 1123 collegit
470 1079 636 1123 eosque
662 1075 800 1123 penes
829 1078 876 1106 se
902 1061 1085 1113 habuit3
1115 1061 1192 1104 sed
1219 1069 1463 1122 antequam
1491 1078 1596 1107 eos-

100 1132 207 1177 dem
235 1133 406 1186 ederet,
434 1133 599 1177 maluit
627 1133 740 1177 duos
770 1132 948 1175 demere
976 1137 1020 1174 et
1046 1137 1138 1173 tres
1176 1137 1359 1175 tantum
1394 1131 1594 1190 vulgare.

97 1201 215 1245 Ante
244 1202 484 1245 editionem
508 1202 648 1260 igitur
680 1201 881 1260 quinque
906 1199 1013 1243 libri
1036 1198 1253 1254 fuerunt,
1289 1214 1412 1243 nunc
1442 1207 1594 1245 autem

96 1276 189 1315 tres
219 1270 358 1315 sunt.'
424 1269 523 1314 Iam
550 1286 657 1317 vero
687 1270 726 1315 si
754 1269 981 1330 duplicem
1009 1267 1251 1313 editionem
1271 1275 1461 1325 statuas,
1489 1269 1594 1329 pri-

95 1435 189 1462 usus
207 1436 291 1462 voc.
310 1435 447 1472 poena,
476 1424 577 1471 quod
597 1423 750 1461 notione
769 1422 887 1460 nostri
908 1424 1023 1470 Plage
1051 1422 1152 1470 apud
1172 1421 1330 1459 seriores
1351 1423 1504 1463 demum
1526 1435 1593 1460 oc-

96 1474 217 1519 cnr'rit
235 1487 273 1519 et
291 1483 330 1518 in
348 1483 589 1528 scriptoribus
608 1481 792 1529 Augustei
813 1481 897 1516 aevi
918 1482 1075 1516 dubium
1097 1484 1165 1516 est.
1221 1481 1333 1527 Apud
1350 1481 1593 1527 Propertium

95 1540 198 1577 enim
218 1542 259 1584 1,
286 1540 356 1584 1⁰,
385 1539 444 1576 1⁷.
500 1540 706 1587 Et'possum
725 1539 872 1574 alterius
901 1551 1004 1575 curas
1031 1550 1163 1575 sanare
1192 1543 1366 1588 recentes,
1394 1539 1462 1575 ubi
1483 1539 1590 1577 codd.

94 1598 268 1635 nonnulli
284 1610 419 1644 poenas
437 1598 624 1641 exhibent,
652 1598 845 1644 vulgatam
868 1592 1069 1631 lectionem
1085 1596 1183 1631 bene
1203 1596 1321 1632 tuitus
1340 1600 1397 1633 est
1415 1597 1591 1633 Brouck—

94 1655 237 1692 husius.
261 1657 369 1692 Conf.
401 1656 593 1691 Burmann
626 1655 673 1690 ad
704 1653 810 1690 Ovid.
841 1654 912 1700 Ep.
934 1654 975 1697 1,
1003 1652 1063 1689 2⁰.
1120 1654 1165 1689 In
1196 1653 1321 1689 Ovidii
1346 1657 1474 1690 autem
1501 1653 1589 1691 loco

98 1711 292 1760 Tlepolemi
309 1714 378 1749 leto
400 1725 486 1749 cura
502 1718 636 1750 novata
654 1724 735 1748 mea
757 1716 818 1755 est,
838 1710 1138 1747 ubiKuinoelius
1158 1710 1377 1748 Animadvv.
1401 1711 1528 1749 critic.
1547 1712 1590 1749 in

95 1771 202 1807 Ovid.
224 1771 380 1807 Heroid.
404 1772 511 1820 Spec.
532 1772 563 1807 1.
592 1782 629 1816 p.
650 1768 686 1806 5.
716 1781 763 1805 ex
781 1770 862 1805 cod.
887 1770 1050 1813 Sarrav„
1079 1770 1224 1806 Erfurt.
1245 1774 1284 1806 ct
1306 1770 1422 1806 Goth.
1446 1781 1506 1817 pr.
1528 1771 1591 1806 le·-

97 1828 269 1870 ctionem¹
283 1840 401 1875 poena
431 1829 569 1875 quippe
599 1827 852 1863 difficiliorem
881 1830 920 1862 et
951 1826 1231 1871 exquisitim-em
1260 1827 1461 1873 praetulit,
1496 1827 1590 1863 reli-

94 1885 162 1932 qui
187 1885 276 1921 libri
304 1897 433 1922 omnes
450 1886 501 1923 ⁴in
532 1887 620 1921 lect.
649 1897 735 1921 cura
766 1883 1018 1927 consentiunt,
1047 1887 1086 1919 et
1102 1896 1220 1930 poena
1246 1884 1406 1936 fortusse
1426 1895 1451 1921 a
1470 1884 1589 1922 libra-

94 1943 176 1986 rio,
205 1943 271 1989 qui
297 1944 371 1979 hoc
399 1943 625 1980 vocabulum
653 1955 722 1989 pro
752 1933 862 1977 anxiis
892 1953 978 1977 cura
1004 1941 1077 1977 dici
1104 1953 1151 1977 ex
1182 1941 1387 1978 serioribus
1416 1946 1588 1988 noverat,

94 2001 244 2049 glossae
273 1997 360 2037 loco
392 2001 577 2047 adscripta
604 2006 670 2036 est.
734 2000 912 2036 Diversus
931 2002 988 2035 est
1007 2003 1134 2035 autem
1154 2000 1261 2035 locus
1280 1999 1396 2036 Trist.
1416 1999 1473 2044 Π,
1500 1998 1587 2037 507.

96 2060 239 2106 Quoque
257 2060 371 2095 minus
387 2060 552 2106 prodest,
577 2070 695 2105 poena
715 2063 766 2094 est
787 2057 926 2095 lucrosi:
951 2063 1098 2104 poetae,
1125 2057 1194 2093 ubi
1213 2068 1298 2095 voc.
1314 2069 1455 2105 poena,
1483 2058 1587 2105 quod

95 2127 225 2152 omnes
256 2117 363 2153 codd.
390 2121 540 2163 praeter
560 2117 665 2160 1un.‚
693 2116 758 2162 qui
772 2117 880 2162 plena
910 2115 1085 2159 exhibet,
1112 2118 1289 2159 tuentur,
1315 2114 1453 2152 idoneo
1474 2126 1586 2153 sensu

94 2172 312 2209 destitutum
334 2178 373 2209 et
391 2175 493 2209 haud
513 2173 626 2209 dubie
648 2184 694 2208 ex
714 2174 841 2221 glossa
859 2184 940 2209 voc.
957 2174 1124 2217 crimina,
1154 2173 1256 2219 quod
1282 2172 1453 2218 sequenti
1471 2184 1586 2210 versu

93 2229 260 2278 leg-itur,
289 2234 414 2267 ortum
443 2235 509 2267 est.
566 2231 686 2266 Recte
706 2234 833 2266 autem
862 2230 1040 2266 Heinsius
1061 2242 1164 2267 scena
1188 2230 1400 2277 reposuisse
1422 2230 1585 2268 videtur.

93 2286 227 2332 Neque
245 2288 322 2322 huc
340 2287 502 2333 pertinet
525 2287 680 2323 Metam.
696 2288 755 2331 11,
781 2286 864 2323 281.
892 2288 1027 2324 cladem
1061 2292 1204 2324 auctore
1225 2289 1368 2332 levare,
1396 2287 1464 2324 ubi
1484 2288 1585 2325 Gro-
1621 2294 1624 2297 “

92 2343 229 2381 novius
261 2344 478 2380 observatt:
498 2345 555 2388 Π,
581 2345 618 2381 9.
646 2356 684 2390 p.
712 2343 796 2381 281.
825 2348 953 2382 contra
972 2346 1159 2382 librorum
1187 2346 1302 2381 fidem
1323 2356 1371 2381 ex
1396 2357 1475 2383 uno
1498 2347 1582 2384 cod.

90 2413 244 2449 poenam
263 2402 453 2447 praetulit.
508 2402 734 2446 Neutiquam
754 2405 879 2437 tamen
906 2406 1058 2449 propter
1078 2403 1309 2451 singularem
1338 2414 1421 2440 voc.
1442 2415 1583 2456 poenae

91 2458 404 2508 significationem
423 2458 464 2495 in
482 2457 557 2502 hoc
578 2458 700 2495 Ovidii
719 2458 984 2506 epigrammate
1006 2461 1233 2497 haerendem
1251 2464 1318 2498 est.
1356 2461 1464 2498 Haec
1481 2462 1589 2498 enim‘

91 2516 199 2553 notio
223 2520 305 2552 tum
326 2528 396 2562 per
425 2527 466 2551 se
496 2516 543 2551 ab
563 2516 635 2551 hac
653 2527 745 2551 voce
765 2528 840 2550 non
861 2517 1061 2560 abhorret,
1098 2522 1180 2553 tum
1208 2529 1232 2554 a
1254 2518 1396 2554 Seneca
1422 2520 1582 2565 aliisque

93 2573 350 2610 confirmatur.
371 2572 446 2609 vid.
465 2573 657 2608 Burmann
676 2573 724 2607 ad
745 2572 858 2609 Trist.
878 2574 905 2609 1.
919 2586 972 2617 c.,
998 2574 1173 2610 Kuinoel.
1194 2575 1223 2610 1.
1250 2586 1282 2611 c.
1306 2579 1344 2611 et
1365 2576 1529 2614 Gronov.
1550 2578 1580 2615 1.

93 2642 126 2665 c.
154 2642 193 2676 p.
212 2629 296 2666 28⁰.
353 2630 527 2674 Accedit,
556 2630 657 2676 quod
681 2629 833 2664 Ovidius
850 2641 926 2665 non
945 2630 999 2665 ita
1018 2642 1106 2666 raro
1129 2631 1360 2675 aliquantum
1379 2643 1403 2668 a
1423 2634 1582 2679 scripto-

91 2687 222 2732 ribus,
261 2686 327 2733 qui
346 2687 470 2735 ipsum
503 2690 806 2734 praecesserunt,
834 2686 987 2723 discedit
1006 2691 1045 2723 et
1071 2686 1119 2723 ad
1142 2687 1301 2724 seriores
1322 2688 1503 2734 declinat,
1531 2691 1581 2727 ad

93 2756 209 2792 quam
226 2757 308 2781 rem
328 2746 495 2783 nondum
513 2745 603 2785 satis
630 2745 888 2790 attenderunt,
926 2744 994 2794 qui
1022 2744 1114 2782 huic
1136 2749 1274 2794 poetae
1301 2745 1580 2796 interpretando

96 2814 251 2851 opernm
268 2803 461 2844 dederunt.
